,Transaction_ID,Date,Month,Location_ID,Product_ID,Sales_Channel,Units_Sold,Unit_Price,Revenue,Donations,Total_Revenue
0,17edc677-558d-42d5-b0ba-33000dbb6ee0,4/12/2024,April,1,1,Retail Store,11,488.43,5372.73,0,5372.73
1,03237cb7-047c-407f-a8e3-f89b842b6906,12/14/2024,December,2,2,Retail Store,11,548.75,6036.25,0,6036.25
2,249866e4-b0b6-47fb-bf79-16a004a4b445,9/27/2024,September,3,1,Retail Store,8,392.23,3137.84,0,3137.84
3,b8dd4aa2-8afd-414e-b851-b94e6474c99d,4/16/2024,April,2,3,Studio Services,11,180.44,1984.84,0,1984.84
4,2131bb88-a134-4fff-b33f-7813dc35be0a,3/12/2024,March,4,4,Online Store,8,793.12,6344.96,520.63,6865.59
5,bca15bf7-b52e-4134-adb4-f0e33afcbe8d,7/7/2024,July,4,4,Retail Store,12,404.43,4853.16,0,4853.16
6,b07c78e5-eea2-45d7-b7ea-9416a717f2e3,1/21/2024,January,4,1,Retail Store,8,557.8,4462.4,0,4462.4
7,bc95a8d9-fa87-4774-a0fd-cdf7ef48ee3c,4/12/2024,April,5,4,Retail Store,13,640.39,8325.07,0,8325.07
8,dd5afa84-8293-48f5-a949-1957a77eafa4,5/1/2024,May,6,1,Retail Store,6,561.75,3370.5,0,3370.5
9,ff7481bb-387d-45e5-959a-bb55ae2a22b3,8/2/2024,August,5,1,Online Store,14,358.28,5015.92,340.31,5356.23
10,9bf80507-4d3e-4f5b-8014-781180a94c9a,11/26/2024,November,5,3,Retail Store,9,731.95,6587.55,0,6587.55
11,87ccd9d9-4ab7-4505-97e3-1d12ca6d7078,3/28/2024,March,5,5,Retail Store,6,602.74,3616.44,0,3616.44
12,83ded894-21d9-42f3-abc9-3283be8cddfd,4/9/2024,April,5,5,YouTube Revenue,12,539.75,6477,0,6477
13,6e701196-d39f-4f28-920e-6b6c4871da86,12/25/2024,December,4,3,Retail Store,8,535.12,4280.96,0,4280.96
14,5cafdfeb-039e-4330-8f74-270d60130078,5/31/2024,May,3,1,Online Store,15,836.45,12546.75,241.76,12788.51
15,68fa4b17-1d13-448e-aa94-c3e34e17e886,5/10/2024,May,7,1,Online Store,15,353.99,5309.85,121.98,5431.83
16,f3391c24-66be-40e1-b4c5-45512ce7f50a,5/29/2024,May,5,5,Online Store,8,583.05,4664.4,793.98,5458.38
17,baf7323a-9009-4c9e-8bb7-4f6ab07454a3,11/4/2024,November,1,2,Online Store,8,394.27,3154.16,586.64,3740.8
18,9753e17d-abff-4393-9aaa-1d3f6a7f334c,9/14/2024,September,6,3,Online Store,16,112.74,1803.84,379.07,2182.91
19,b8509ba9-3c4c-4526-b126-889ad8f45bf9,12/9/2024,December,4,1,Studio Services,10,107.45,1074.5,193.14,1267.64
20,5d90b25d-0c8c-4bcb-9197-28c60b4a346d,10/20/2024,October,1,5,Online Store,7,297.07,2079.49,253.03,2332.52
21,bcf84a1a-676e-41ee-ba1f-20b3eeb241a0,7/10/2024,July,1,1,Online Store,14,368.31,5156.34,138.39,5294.73
22,41cc0e54-1e0b-4f40-a48c-3a7de6697049,10/3/2024,October,5,1,YouTube Revenue,13,934.59,12149.67,0,12149.67
23,f70723df-a7ff-46c7-be77-a359308f2762,6/9/2024,June,2,2,Online Store,8,639.68,5117.44,494.22,5611.66
24,111a1a7e-3a58-44ba-84a9-e4fb2f3d90b3,11/9/2024,November,1,1,Retail Store,9,657.67,5919.03,0,5919.03
25,1a395bc4-dc85-4baa-96c9-6c034e9d1eba,1/22/2024,January,6,1,Retail Store,16,372.58,5961.28,0,5961.28
26,235c2c76-451d-4d95-a693-0d7bf4ad2ddb,9/9/2024,September,5,3,Retail Store,6,512.27,3073.62,0,3073.62
27,d8ad728d-702a-4430-8a1d-e33e2a629872,8/23/2024,August,7,3,Studio Services,17,961.23,16340.91,325.7,16666.61
28,f8289504-45e4-472e-9f0a-4906a45dc721,12/10/2024,December,7,3,YouTube Revenue,12,257.12,3085.44,0,3085.44
29,d926ebca-fa18-417a-9f0a-40de0fd75329,2/18/2024,February,7,1,Studio Services,11,591.25,6503.75,197.3,6701.05
30,a2e9b878-377c-4ad4-857d-980b96af13ee,2/28/2024,February,7,1,Online Store,9,822.26,7400.34,400.89,7801.23
31,1e85e1bb-4c9d-46fe-bb7f-05398e53506e,6/18/2024,June,7,1,Online Store,7,693.19,4852.33,254.37,5106.7
32,3d62b2f8-43a7-421a-aaf4-c63670060510,7/6/2024,July,5,1,Retail Store,11,860.31,9463.41,0,9463.41
33,1c6e4b34-8eab-4371-bdb3-a9f4b3772c92,9/27/2024,September,5,3,Online Store,14,542.57,7595.98,399.24,7995.22
34,0bef4e94-b410-44e5-8e89-c38071ef8316,7/8/2024,July,3,2,Online Store,12,620.69,7448.28,341.36,7789.64
35,9740ffc0-70bb-414b-8716-7cc4f18218d0,6/23/2024,June,1,2,Studio Services,5,521.95,2609.75,375.65,2985.4
36,5adaeeec-3094-47f6-a3e0-40ab1cb8fb81,2/20/2024,February,2,2,Retail Store,13,606.67,7886.71,0,7886.71
37,909e9b52-aeef-4db3-b04a-47e6a33ae692,12/29/2024,December,3,5,Online Store,4,316.96,1267.84,1061.81,2329.65
38,ee8ee66e-d483-4df9-bee9-7cf3d4ff1294,2/24/2024,February,6,3,Online Store,5,658.47,3292.35,375.79,3668.14
39,7f84ac83-1935-4327-bd7c-94e02afbe2e9,8/31/2024,August,4,5,Online Store,11,558.85,6147.35,438.37,6585.72
40,463d3af4-4771-43cd-8116-5cbb4665d209,11/15/2024,November,6,5,Online Store,9,512.53,4612.77,761.39,5374.16
41,22d979ca-53ed-4b13-8f09-f2bd819c950c,5/10/2024,May,1,5,YouTube Revenue,7,849.28,5944.96,0,5944.96
42,b5e0e9ae-4950-4dd3-a2be-fad9008e2e5e,11/2/2024,November,3,1,Retail Store,5,446.92,2234.6,0,2234.6
43,1a23d9ec-af7d-49f4-a7a3-0e827502096c,5/14/2024,May,4,5,YouTube Revenue,10,741.56,7415.6,0,7415.6
44,dc06cf2e-362d-499e-a7a7-0464f141a5c7,1/21/2024,January,4,4,Online Store,6,761.46,4568.76,199.46,4768.22
45,b047786c-9026-4d4d-a920-bc7b3dbbc1da,11/24/2024,November,3,1,Studio Services,13,671.11,8724.43,517.68,9242.11
46,cfa96657-6601-4f02-83c8-00f4d51080c3,6/15/2024,June,2,1,YouTube Revenue,9,306.98,2762.82,0,2762.82
47,a2535c05-e021-417a-b66d-2fe4568d282e,9/30/2024,September,2,5,Retail Store,11,571.82,6290.02,0,6290.02
48,46550544-48f2-4254-879c-7d6b6c816e0e,3/29/2024,March,4,2,Retail Store,6,891.69,5350.14,0,5350.14
49,f772021b-0128-4fbe-8d90-51536e49160f,11/11/2024,November,5,3,Studio Services,8,136.29,1090.32,955.96,2046.28
50,536df562-b051-447c-9354-8d6ed5718e29,1/14/2024,January,5,3,Online Store,4,462.47,1849.88,266.86,2116.74
51,e68a988a-8dd0-4e6d-b4b7-4189c6499430,8/29/2024,August,4,1,Studio Services,8,732.46,5859.68,193.9,6053.58
52,c1c9b567-4abf-4b05-b81b-8eb67286da0e,9/21/2024,September,4,3,Retail Store,11,476.94,5246.34,0,5246.34
53,d699f5c5-b330-40fb-a03d-8adab3879488,12/11/2024,December,2,5,Online Store,14,661.98,9267.72,559.19,9826.91
54,7e91c521-26f1-41b7-b5d7-097748c9c6eb,2/22/2024,February,6,2,YouTube Revenue,7,781.84,5472.88,0,5472.88
55,f6b3b21e-3c15-46cd-b5f3-2963bf3df619,12/5/2024,December,6,3,Studio Services,13,546.4,7103.2,1047.44,8150.64
56,9aab78e7-5946-47c3-a30e-3351042c398b,4/1/2024,April,5,1,Retail Store,12,601.8,7221.6,0,7221.6
57,fbc4c382-f0d5-4273-9e0a-97dea92b335d,9/20/2024,September,1,1,YouTube Revenue,7,518.37,3628.59,0,3628.59
58,f822af14-30a5-4fc3-9892-505cc1006d6e,2/4/2024,February,4,1,Online Store,16,559.56,8952.96,146.13,9099.09
59,0edcfc30-4158-418b-8304-50fdf0787d6a,7/24/2024,July,6,5,Retail Store,8,920.52,7364.16,0,7364.16
60,53ac5585-5b3a-4a9b-a6cd-bace8ad9e9c7,3/21/2024,March,3,1,Online Store,9,487.21,4384.89,1062.53,5447.42
61,8ec48370-0e49-4ab5-ae11-2c6c1bb63360,2/19/2024,February,1,3,Online Store,10,429.37,4293.7,113.19,4406.89
62,45605b2e-0e62-4116-b907-2a4292404c47,12/25/2024,December,7,5,Studio Services,8,708.35,5666.8,1698.16,7364.96
63,db6c42b8-4141-4820-8ec8-10e49c673e48,1/2/2024,January,6,1,Online Store,8,331.42,2651.36,207.22,2858.58
64,bd7ed1ef-2f8f-49bf-86a8-e0a361573ab4,2/23/2024,February,7,1,Retail Store,6,377.06,2262.36,0,2262.36
65,abcec20d-bfe7-44a7-a23e-a2a7cd9bcd6a,4/15/2024,April,5,1,Retail Store,10,378.33,3783.3,0,3783.3
66,38488654-d1ae-41ee-9b68-d3168518b5ec,9/16/2024,September,5,4,Online Store,5,448.83,2244.15,123.89,2368.04
67,13daf064-877e-4a05-a0f1-5342b986cfab,11/5/2024,November,6,1,Retail Store,19,457.56,8693.64,0,8693.64
68,2e5edb2b-1213-491a-b5ae-0a1baf076978,7/9/2024,July,4,3,YouTube Revenue,8,639.82,5118.56,0,5118.56
69,ee13f546-a7a0-4801-8c53-5d4fa7d54f04,8/5/2024,August,7,2,Retail Store,9,431.53,3883.77,0,3883.77
70,9d495bd6-06ff-4aae-abc7-c9b4c30e3b4a,2/13/2024,February,5,3,Studio Services,8,647.89,5183.12,334.05,5517.17
71,c4a01150-8a36-459d-b24e-2697e11d653f,6/10/2024,June,4,4,Studio Services,8,672.84,5382.72,128.45,5511.17
72,806a275c-d8f5-427b-b6c0-a313a9357872,7/20/2024,July,2,5,Online Store,13,369.3,4800.9,306.19,5107.09
73,be232ad4-a8ee-45ad-a232-c834f5a8fa0c,9/26/2024,September,4,4,Studio Services,9,668.54,6016.86,228.72,6245.58
74,78f6b4a8-c88e-48ea-8d4d-6d781c343196,12/16/2024,December,3,1,YouTube Revenue,11,686.68,7553.48,0,7553.48
75,113b2534-7084-4d85-bf58-b115df8428dd,10/30/2024,October,4,1,Online Store,16,147.81,2364.96,626.82,2991.78
76,10709c80-b993-4c89-bad8-35e0c2ad24f6,9/27/2024,September,4,3,Retail Store,10,558.7,5587,0,5587
77,e9ccc17f-7aa8-4142-afab-d07c7a898536,8/2/2024,August,4,4,Online Store,7,398.72,2791.04,270.51,3061.55
78,38328c32-17d1-4881-aa73-0f06cd910dd5,9/8/2024,September,4,2,Online Store,8,760.61,6084.88,100.41,6185.29
79,574cabaf-cf8f-4d1b-8b6b-865d5485f193,7/8/2024,July,7,1,Studio Services,11,396.68,4363.48,192.53,4556.01
80,e7373a7b-744c-4934-85a8-cfd86258b906,10/22/2024,October,5,1,Online Store,12,232.1,2785.2,569.19,3354.39
81,bfd83cb5-f546-4abc-ba5d-830f6a4e5f0d,7/31/2024,July,3,4,Studio Services,8,494.04,3952.32,531.68,4484
82,cd841a2f-1405-4866-beda-4d9113156844,7/26/2024,July,3,1,Online Store,13,320.61,4167.93,291.85,4459.78
83,fe66955e-0e7c-43f1-ac58-29709a50506b,8/24/2024,August,6,2,Retail Store,6,669.92,4019.52,0,4019.52
84,72cf684b-08b1-4910-b2fb-62a3c1403d33,12/3/2024,December,3,2,Studio Services,11,338.28,3721.08,336.03,4057.11
85,1702b452-4300-4157-bb21-db540e1f984e,2/22/2024,February,7,5,Online Store,7,496.5,3475.5,489.73,3965.23
86,17aa5985-e7a8-405d-8a77-95a853c97212,10/6/2024,October,1,5,Retail Store,9,809.16,7282.44,0,7282.44
87,616f5f5e-32df-4966-b66e-f594e94b87d4,8/4/2024,August,2,5,Online Store,7,719.71,5037.97,355.08,5393.05
88,db974ed3-c9f5-45a5-b784-d6f1b8213692,9/8/2024,September,5,1,Retail Store,15,595.57,8933.55,0,8933.55
89,a06f93ad-f212-40f9-b904-602dcb7f3dc7,7/6/2024,July,4,4,Online Store,13,474.48,6168.24,535.18,6703.42
90,093f6e8d-7ecf-4ee6-a49e-6fb90764943d,2/10/2024,February,5,5,Online Store,11,576.58,6342.38,352.24,6694.62
91,924fdb29-ed99-45f9-a0fe-48af5d63420f,6/5/2024,June,3,4,Online Store,12,637.8,7653.6,206.29,7859.89
92,36fbc2a1-2710-45bd-b75c-8ad4a53c3bc7,1/15/2024,January,1,1,Studio Services,13,302.68,3934.84,327.53,4262.37
93,d5221c9e-918f-47e4-8ca3-50644acf8094,10/27/2024,October,5,4,Online Store,6,670.27,4021.62,478.32,4499.94
94,0a4aa54d-b2c3-459e-91f0-da68c58b38d0,3/5/2024,March,5,5,Retail Store,4,279.66,1118.64,0,1118.64
95,e57a1189-5acf-4d60-990a-a199caf78eac,12/10/2024,December,5,1,Online Store,8,614.49,4915.92,589.57,5505.49
96,38017811-f9c5-491c-bc54-e17bb37d39d7,11/22/2024,November,6,1,Studio Services,8,278.62,2228.96,615.55,2844.51
97,26b77b24-e6e3-4bb7-9fa4-84a262a06b18,1/9/2024,January,3,2,Retail Store,7,892.56,6247.92,0,6247.92
98,1152a440-d26c-4f9b-a5d7-c8bdbcd72695,12/9/2024,December,5,3,Retail Store,13,652.67,8484.71,0,8484.71
99,3a96f158-3ac7-4fc0-86ef-18af79aff871,5/8/2024,May,1,2,Retail Store,7,188.79,1321.53,0,1321.53
100,b6e09ee8-2e32-4565-a6c3-b8c27b886d16,5/15/2024,May,7,1,Retail Store,9,499.81,4498.29,0,4498.29
101,94297d45-d408-480d-b2c3-b7c0a9f5e8ab,3/3/2024,March,5,1,YouTube Revenue,10,395.72,3957.2,0,3957.2
102,8dd66049-d24a-4ede-b3bc-94a39ca7ffbb,5/18/2024,May,6,5,YouTube Revenue,13,372.05,4836.65,0,4836.65
103,4ae5d607-32b6-4042-9675-17017b2f0b85,3/21/2024,March,7,5,Retail Store,10,529.42,5294.2,0,5294.2
104,a546b6d2-1998-4559-9c2f-52195a17254b,6/11/2024,June,2,5,Online Store,5,314.4,1572,264.9,1836.9
105,6736d703-df08-4698-89a1-533ac875c5ed,10/15/2024,October,5,4,Retail Store,6,652.29,3913.74,0,3913.74
106,204bf94f-a0c5-4aef-a54d-1cdddfdefdee,9/17/2024,September,5,4,Studio Services,8,640.93,5127.44,506.14,5633.58
107,51edf5db-cea1-4b54-add0-9b3038a8ce23,8/18/2024,August,5,4,Studio Services,5,570.28,2851.4,323.8,3175.2
108,3cedc4ac-07d3-4b03-8b3c-2ba8ee1eba10,2/10/2024,February,7,2,Retail Store,7,496.1,3472.7,0,3472.7
109,99eed20f-2784-4877-ab59-67de82cd40bd,1/28/2024,January,1,5,Studio Services,11,631.96,6951.56,92.26,7043.82
110,0a126c82-90af-42a9-86b8-1b12429deb39,5/14/2024,May,5,5,YouTube Revenue,8,658.28,5266.24,0,5266.24
111,5d17c148-e20b-46ba-bfea-31dacaa264d7,7/19/2024,July,5,5,Retail Store,10,590.98,5909.8,0,5909.8
112,58e422ff-6093-44c9-be18-f8ff0cc2e94f,11/23/2024,November,5,2,Retail Store,10,237.63,2376.3,0,2376.3
113,76bca17c-a5e0-406c-8194-692e69ffe576,9/24/2024,September,5,1,Online Store,7,342.32,2396.24,107.99,2504.23
114,3e594070-2b0e-4554-937c-2de09cf5365d,2/2/2024,February,7,5,YouTube Revenue,15,446.39,6695.85,0,6695.85
115,a92a563c-bdd8-46ae-a991-636d510cdad8,2/17/2024,February,2,1,Studio Services,12,204.84,2458.08,283.83,2741.91
116,75462107-c3e5-425f-94f2-b265a66a1280,3/2/2024,March,2,5,YouTube Revenue,9,544.8,4903.2,0,4903.2
117,61f814a3-6da7-4126-85f4-23243cabd456,8/3/2024,August,5,4,Studio Services,11,782.2,8604.2,254.92,8859.12
118,f5ac8431-46a0-4854-8b03-c017b5fdfa79,10/19/2024,October,3,2,Online Store,13,750.34,9754.42,582.63,10337.05
119,27d742cf-fe68-4276-831c-2ddb5d6ee352,4/8/2024,April,2,1,YouTube Revenue,8,647.93,5183.44,0,5183.44
120,cc2e4c9f-a7fd-489a-a90a-b187514f0c15,6/20/2024,June,6,4,YouTube Revenue,6,645.54,3873.24,0,3873.24
121,ef657259-daed-4602-9f6c-94bb16f1d20d,12/25/2024,December,5,3,Retail Store,11,943.06,10373.66,0,10373.66
122,d16fbaa8-1698-48af-8956-9527c5b24a3e,8/1/2024,August,7,1,Online Store,13,668.77,8694.01,327,9021.01
123,f6a7b5ae-aa6c-4d46-9123-608567d8e958,2/4/2024,February,3,1,YouTube Revenue,10,685.13,6851.3,0,6851.3
124,043310c8-552a-4b27-8304-6c01359992b0,8/14/2024,August,5,1,Retail Store,10,212.22,2122.2,0,2122.2
125,853fe22f-9e36-492f-be6f-ff6539356d79,4/10/2024,April,4,1,YouTube Revenue,10,766.56,7665.6,0,7665.6
126,94e05918-c21a-4ca0-a29e-ddbdc92d2e4e,5/10/2024,May,1,4,Retail Store,6,579.7,3478.2,0,3478.2
127,c036071a-e855-4189-840b-133f7e96b9eb,9/13/2024,September,1,5,Online Store,13,484.04,6292.52,656.32,6948.84
128,a839e8d6-4993-4d49-9ddd-0817751dd4e8,1/5/2024,January,4,4,YouTube Revenue,13,434.47,5648.11,0,5648.11
129,3f0c9eee-da5b-4a55-b543-aa5d48db048d,8/5/2024,August,4,5,Retail Store,9,390.28,3512.52,0,3512.52
130,7c1057ba-d7d8-4ccf-83c9-9f3111c91860,9/11/2024,September,1,1,Retail Store,12,751.36,9016.32,0,9016.32
131,9de07d8d-3e74-4ff6-9eee-ee8a1419e8fe,12/24/2024,December,3,5,Online Store,11,494.33,5437.63,647.72,6085.35
132,251d6d2a-6f26-4141-b3bf-93deda762a2c,10/9/2024,October,5,1,Studio Services,9,397.66,3578.94,274.17,3853.11
133,05c03c21-10ae-495d-9386-8fd7ae28494a,7/25/2024,July,1,5,Retail Store,6,345.69,2074.14,0,2074.14
134,e842cca6-f104-47b7-842f-cdf5e57bd503,1/15/2024,January,5,4,Studio Services,11,534.12,5875.32,106.03,5981.35
135,5c1d3edb-4958-4d2b-b81e-01e2ec868aa6,12/11/2024,December,3,5,Retail Store,7,428.08,2996.56,0,2996.56
136,2fa09c29-36b7-43f2-a986-4761d4284ffa,2/11/2024,February,5,3,Studio Services,10,382.45,3824.5,434.89,4259.39
137,42cfe6e8-959b-481b-8757-d7ac53506b7f,6/27/2024,June,5,1,Studio Services,11,223.57,2459.27,303.92,2763.19
138,c937e981-9259-4de3-850c-864ebbd7cac0,3/3/2024,March,2,1,Online Store,13,691.87,8994.31,0,8994.31
139,35500ef3-d5d0-4e5b-9326-17fc014d9713,12/17/2024,December,7,1,Online Store,10,472.4,4724,1009.17,5733.17
140,e61ed786-67a2-41c0-9296-a6a8df7f4318,8/18/2024,August,5,3,Online Store,8,282.95,2263.6,289.9,2553.5
141,2f891301-5c47-40eb-95db-937303d06c12,8/28/2024,August,5,1,Online Store,18,445.75,8023.5,228.35,8251.85
142,a031e9da-a1c8-4ea1-bfec-fc5235312cac,2/21/2024,February,5,5,Retail Store,16,609.83,9757.28,0,9757.28
143,5fadabd2-cbf4-423c-affb-9a5e93a764ec,4/5/2024,April,4,3,Retail Store,9,505.77,4551.93,0,4551.93
144,d2462cac-44d9-4710-99cd-aecc43c3cf51,8/9/2024,August,1,5,Retail Store,16,538.2,8611.2,0,8611.2
145,3d4f83e5-f7d6-4560-8d3e-69d4369dd20c,8/18/2024,August,4,1,Online Store,12,508.51,6102.12,294.5,6396.62
146,f6d5e548-f911-46f6-b33b-6c69e581e01c,8/24/2024,August,3,1,Retail Store,7,244.63,1712.41,0,1712.41
147,462dc72d-e9fd-4ee3-8222-66f46753e1a4,5/22/2024,May,1,4,Online Store,7,689.7,4827.9,93.75,4921.65
148,a5f9ef57-f2aa-4657-927a-a15f3524d1eb,6/19/2024,June,4,3,Studio Services,12,158.35,1900.2,595.39,2495.59
149,17efe0b7-3f26-4be7-a32c-b71d859fe47b,1/29/2024,January,5,5,Retail Store,11,592.31,6515.41,0,6515.41
150,2ad25285-18be-4d4d-924a-8ec986a9fc50,2/5/2024,February,5,1,Online Store,6,623.11,3738.66,368.45,4107.11
151,8ed837d8-6093-43df-b5d5-d44c842a175b,1/13/2024,January,2,4,Online Store,11,456.03,5016.33,0,5016.33
152,062e8a07-fd34-4532-bbf0-ddd24b1d6289,6/8/2024,June,2,3,YouTube Revenue,14,570.68,7989.52,0,7989.52
153,7a814479-d421-43fe-9c4c-3af65e697fe9,11/22/2024,November,4,5,Studio Services,12,444.57,5334.84,548.05,5882.89
154,4ec6c5c0-1855-4007-8de0-dd9ca036de8c,7/5/2024,July,7,4,Studio Services,11,573.1,6304.1,373.21,6677.31
155,9599143b-bdba-4d82-b8a9-c9de61973a5c,8/30/2024,August,2,1,Studio Services,9,698.58,6287.22,83.06,6370.28
156,d59936dd-4361-4fe3-9bc3-e49324e69b73,3/26/2024,March,4,5,Retail Store,11,341.57,3757.27,0,3757.27
157,8b86e381-e1be-48c0-b3ab-bffa76f59017,10/10/2024,October,3,3,YouTube Revenue,10,634.79,6347.9,0,6347.9
158,f995aeb7-2107-476f-a09c-fd4391386e01,3/6/2024,March,2,1,YouTube Revenue,6,838.48,5030.88,0,5030.88
159,f5468d5c-7612-4cfb-8687-531c2c6fd933,6/18/2024,June,7,4,Retail Store,14,552.91,7740.74,0,7740.74
160,2492bb3a-12fb-4dab-b3f7-a20299d866cd,2/14/2024,February,3,2,Studio Services,12,399.38,4792.56,396.05,5188.61
161,9592a3ce-fe63-4fb4-86d0-8174a9b67338,3/2/2024,March,5,3,Retail Store,8,952.65,7621.2,0,7621.2
162,173bdca0-e764-41ea-b89e-15820658a07b,5/13/2024,May,6,1,Online Store,11,517.74,5695.14,702.99,6398.13
163,b5e3928c-bc83-45ca-818e-e65ec333b7a6,10/10/2024,October,4,1,Retail Store,7,546.31,3824.17,0,3824.17
164,9b95cfae-f811-4884-8076-088989654adf,1/28/2024,January,4,5,Online Store,5,550.47,2752.35,153.34,2905.69
165,4db7e93b-973c-48eb-882c-1cc866074b3f,4/17/2024,April,4,2,YouTube Revenue,8,589.57,4716.56,0,4716.56
166,044c9675-8da9-4feb-ad1b-94936bd393bf,2/13/2024,February,4,1,Online Store,9,432.23,3890.07,377.12,4267.19
167,c3910a34-c286-4a32-a3e3-78e7112c574b,12/5/2024,December,7,5,Online Store,14,538,7532,1012.64,8544.64
168,c42bcef1-a08d-4f96-afd4-e9cf498f4972,10/12/2024,October,5,2,Retail Store,6,690.44,4142.64,0,4142.64
169,a9e69107-fb96-4fa6-9610-f0070273749b,11/26/2024,November,2,1,YouTube Revenue,16,425.32,6805.12,0,6805.12
170,c51cbd66-9269-4c29-99c2-ab4f67125ee7,5/7/2024,May,5,3,Retail Store,10,416,4160,0,4160
171,b706e5ca-a9ac-4559-baf8-95056ed2fae1,12/13/2024,December,7,1,Online Store,8,441.58,3532.64,1422.88,4955.52
172,9ba0d964-bf51-4e1e-87c3-c846dfe1dac1,8/18/2024,August,5,4,Studio Services,15,280.45,4206.75,233.67,4440.42
173,697a010b-6ed6-4860-9bd6-251da14db540,7/8/2024,July,1,5,YouTube Revenue,8,363.43,2907.44,0,2907.44
174,573b5063-075e-4257-93e3-1b016f99bc7c,8/12/2024,August,4,1,Online Store,6,355.28,2131.68,89.99,2221.67
175,abb11d33-381e-458a-a216-e46a8854966b,10/9/2024,October,7,5,YouTube Revenue,10,499.9,4999,0,4999
176,4612e08d-5ebc-4700-a114-a9dd4da24dac,4/30/2024,April,1,5,YouTube Revenue,9,667.23,6005.07,0,6005.07
177,dcb310b4-44d4-407a-ba62-6bee441dd591,4/25/2024,April,7,2,Studio Services,9,790.74,7116.66,771.25,7887.91
178,7f6f8169-234f-42c9-8c3a-8f56af67f496,8/20/2024,August,1,2,Online Store,6,511.44,3068.64,98.91,3167.55
179,e3f68da4-11b4-4558-acf1-c5a906618cc1,9/15/2024,September,4,3,Retail Store,9,591.29,5321.61,0,5321.61
180,b7c851ea-0033-4e5e-a96b-b9913b63ecbd,12/24/2024,December,3,1,Retail Store,10,548.68,5486.8,0,5486.8
181,e4c83b37-8be2-4850-8a8d-87023356a88d,7/16/2024,July,5,1,Retail Store,10,81.31,813.1,0,813.1
182,95c44881-6326-44f0-bade-8afc90cb7b63,5/16/2024,May,5,1,Online Store,10,270.42,2704.2,729.86,3434.06
183,66cf4566-4340-426a-9c4e-9ee1418449e7,11/13/2024,November,4,3,Retail Store,11,652.25,7174.75,0,7174.75
184,ee5b6f57-e8de-4c6e-8bea-b78d0c2d1754,6/13/2024,June,3,4,Online Store,9,671.7,6045.3,400.94,6446.24
185,bc8246b0-18ef-4fab-9a98-43752fcd721d,8/12/2024,August,2,5,Retail Store,12,667.12,8005.44,0,8005.44
186,610cc12c-e628-4046-a7ad-366d6fda1d51,11/2/2024,November,3,1,Retail Store,11,464.44,5108.84,0,5108.84
187,8884a711-6d26-447a-9ba2-917d481ab4ff,8/21/2024,August,1,3,Studio Services,13,101.03,1313.39,160.17,1473.56
188,1f14aa93-505c-4d7b-844b-24c012ce8b07,6/20/2024,June,3,2,Online Store,13,294.3,3825.9,499.56,4325.46
189,93f32583-1476-4bee-b99f-604280659d2d,5/31/2024,May,6,2,Retail Store,13,324.9,4223.7,0,4223.7
190,3b9909aa-f76b-4a35-9923-2ac762b2430b,11/10/2024,November,7,4,YouTube Revenue,10,625.75,6257.5,0,6257.5
191,521607dc-22d4-470b-a8ea-be3e9b26acf7,6/8/2024,June,1,1,Retail Store,7,428.53,2999.71,0,2999.71
192,6395c572-338e-4d92-8dfb-88639c3fcd4a,4/5/2024,April,3,1,YouTube Revenue,10,838.08,8380.8,0,8380.8
193,eb504b23-8350-45ef-97ef-c5e9de93ff17,8/20/2024,August,7,4,YouTube Revenue,8,793.53,6348.24,0,6348.24
194,d1d2c4e3-e28c-4417-8bfb-eae6f52b32d7,6/28/2024,June,1,3,Retail Store,8,834.74,6677.92,0,6677.92
195,d17b26d6-539d-4e1a-a6bb-02ee3ef5b8af,4/22/2024,April,1,5,YouTube Revenue,11,316.7,3483.7,0,3483.7
196,875ea22c-b518-479c-ba4c-28f4d44235da,11/13/2024,November,5,2,Online Store,4,598.18,2392.72,546.97,2939.69
197,80006698-28f0-44ca-81c1-d2e5b4e0c703,2/21/2024,February,4,2,Online Store,10,404.5,4045,260.15,4305.15
198,ca31107a-6f3c-44c7-81b4-f1943379c660,9/24/2024,September,2,3,Retail Store,9,565.57,5090.13,0,5090.13
199,4a40db9e-2e04-49ac-bc16-c803a9f51ae1,10/21/2024,October,5,3,Retail Store,11,338.88,3727.68,0,3727.68
200,da99235d-684d-43fd-a340-5a121d1cbc28,4/22/2024,April,3,5,Studio Services,13,745.23,9687.99,295.74,9983.73
201,2254cc3d-40e8-4f79-8aee-847635be1740,4/10/2024,April,6,5,Retail Store,16,342.61,5481.76,0,5481.76
202,c97be1ed-ffae-44c3-ae39-c5938a0484d0,4/22/2024,April,7,5,Online Store,12,110.55,1326.6,0,1326.6
203,68421177-c5df-42cb-9af0-f37e5458c14e,3/21/2024,March,5,2,Online Store,9,906.76,8160.84,817.58,8978.42
204,a62f36a7-92b4-496a-baab-bf4b08c75b0b,7/5/2024,July,1,2,Online Store,13,588.5,7650.5,6.94,7657.44
205,e68f890c-fdab-4760-8921-524f966879c9,4/22/2024,April,3,2,Retail Store,11,286.17,3147.87,0,3147.87
206,c9d555de-3ed2-432d-bf04-afdbcfc0843b,1/2/2024,January,6,1,Retail Store,13,467.55,6078.15,0,6078.15
207,bfb0732a-343f-4daa-8ec7-df568aba37a7,5/9/2024,May,1,2,YouTube Revenue,4,384.63,1538.52,0,1538.52
208,176491e3-de09-4426-a00e-8fade7d3f1dc,8/7/2024,August,3,2,Retail Store,4,501.15,2004.6,0,2004.6
209,5b8655f7-4b9d-44d3-b1eb-0dde54e33a3c,2/23/2024,February,2,3,Retail Store,5,660.56,3302.8,0,3302.8
210,91e74b93-b84d-4d81-af94-c49f47f043d1,12/8/2024,December,7,2,Retail Store,16,629.16,10066.56,0,10066.56
211,7bbb0097-c441-4c38-a17d-72a9ccc45a1a,8/11/2024,August,2,2,Online Store,11,550.75,6058.25,131.01,6189.26
212,13a47fe8-c447-4e2a-aefd-ad1a35d8bbcb,8/12/2024,August,5,5,Studio Services,9,501.05,4509.45,314.93,4824.38
213,98b919da-3082-48ab-a960-bbc05b6b8997,5/5/2024,May,7,5,Retail Store,9,715.73,6441.57,0,6441.57
214,bd8ecddf-923a-4860-a71b-2d55e87e8e33,5/9/2024,May,2,1,Retail Store,6,114.91,689.46,0,689.46
215,3cba91b7-46a0-4f79-8021-f7c1990bce38,2/22/2024,February,7,5,Retail Store,7,350.21,2451.47,0,2451.47
216,aaa23195-a4c9-4008-8228-729fa1dcfe34,6/20/2024,June,2,3,YouTube Revenue,10,304.27,3042.7,0,3042.7
217,f7e14506-5867-416e-9833-ff03e558b914,8/5/2024,August,1,2,Online Store,14,701.25,9817.5,174.9,9992.4
218,4e6a9fd6-7a75-408c-b8a3-1ec32914cd0d,6/8/2024,June,5,1,Online Store,6,352.18,2113.08,328.29,2441.37
219,caa7e9ba-3dc5-44ee-90ca-7c391d20bd8f,7/16/2024,July,1,1,YouTube Revenue,12,242.81,2913.72,0,2913.72
220,898461a8-0d4d-4ab6-abe9-543ecb652169,9/3/2024,September,7,3,Online Store,5,609.87,3049.35,95.12,3144.47
221,0d4ce671-e72a-4c37-863d-cf204054b8dc,11/19/2024,November,5,1,Studio Services,7,318.25,2227.75,435.01,2662.76
222,694f4634-cef8-4c4b-9872-b8ba12993983,7/21/2024,July,3,1,YouTube Revenue,10,429.85,4298.5,0,4298.5
223,4613ef98-976d-4c74-814f-a8f6bd3458a7,7/2/2024,July,1,1,Retail Store,11,976.23,10738.53,0,10738.53
224,f1ce1d13-0433-4e82-b558-848af8b0298b,5/2/2024,May,4,1,Retail Store,10,657.43,6574.3,0,6574.3
225,eec1df7a-3ae0-46a2-825d-5796f9a48af7,9/11/2024,September,5,1,Retail Store,9,457.79,4120.11,0,4120.11
226,501574d3-44f6-4048-a8d8-67f4a25a4df7,10/20/2024,October,4,5,Retail Store,10,475.77,4757.7,0,4757.7
227,129ab465-a240-488d-a8e6-1502966e9ca6,10/6/2024,October,4,5,Studio Services,10,681.5,6815,439.21,7254.21
228,d944e15b-b76d-42ba-be30-365440d2cc1e,11/20/2024,November,6,4,Online Store,7,632.57,4427.99,236.01,4664
229,33338e52-ef34-43ef-bd6e-d99347c17953,4/7/2024,April,6,5,Retail Store,9,515.12,4636.08,0,4636.08
230,5dc3273d-1f8e-4cbc-b1b4-47d500ad615f,7/16/2024,July,4,2,YouTube Revenue,7,520.71,3644.97,0,3644.97
231,dd80e939-f86a-478a-b292-d3bfaf055399,8/27/2024,August,5,1,Online Store,8,204.03,1632.24,502.95,2135.19
232,43f1e6f2-d901-4d98-af4e-8868443da5cb,5/23/2024,May,3,1,Retail Store,11,162,1782,0,1782
233,436c921c-9fc7-4a7e-91da-d32d19061f92,4/6/2024,April,4,2,Retail Store,10,464.64,4646.4,0,4646.4
234,f6fee960-854f-4a54-9aa4-c1550cafb010,7/19/2024,July,5,1,Online Store,15,373.34,5600.1,185.26,5785.36
235,db598f47-81e6-4cf5-872e-00ad53d1a666,5/3/2024,May,1,5,YouTube Revenue,13,617.22,8023.86,0,8023.86
236,3ea1aa82-9f07-4b8a-bacb-f4544b63af94,7/5/2024,July,6,3,Retail Store,8,539.44,4315.52,0,4315.52
237,c879f50f-5074-4164-b4b6-f48023ccfcbd,11/21/2024,November,6,3,Retail Store,11,345.45,3799.95,0,3799.95
238,b40981a5-99de-441c-ad93-b6bfbb29bbb8,12/14/2024,December,7,1,Online Store,11,532.64,5859.04,1644.35,7503.39
239,20e1fa86-6e34-42de-96fe-95782c244ab8,9/15/2024,September,4,5,Retail Store,5,416.35,2081.75,0,2081.75
240,883f7ebd-cf0c-496a-8f98-148b1d2be1bf,5/27/2024,May,7,3,Online Store,7,913.32,6393.24,314.76,6708
241,5609e71c-2391-4525-b71b-ce94ebe8fd0a,9/8/2024,September,4,1,Online Store,14,577.25,8081.5,20.62,8102.12
242,0c336fa1-e994-4402-aceb-c6f88e1ee88e,12/11/2024,December,5,3,Retail Store,9,187.88,1690.92,0,1690.92
243,40741e29-b632-4621-a874-5030adeeb473,5/26/2024,May,4,2,Studio Services,8,864.1,6912.8,111.25,7024.05
244,86f76d85-810f-41a1-abe0-72270ec178e4,5/27/2024,May,4,4,Online Store,4,373.37,1493.48,386.98,1880.46
245,6ace9475-dd6b-4f1e-b7d2-a7e6b145f2fc,12/17/2024,December,6,1,Retail Store,16,305.05,4880.8,0,4880.8
246,e0cebcff-9586-42ff-94ac-363215a2a8cb,7/17/2024,July,5,2,Online Store,9,928.74,8358.66,485.9,8844.56
247,63176ef6-75ef-4c23-b56f-55723ef00f7b,11/3/2024,November,5,5,YouTube Revenue,6,569.17,3415.02,0,3415.02
248,6ea9113c-9313-409b-bf6a-f2186a3c95ca,5/7/2024,May,5,5,YouTube Revenue,8,640.15,5121.2,0,5121.2
249,0ba02202-7afb-4242-96b8-bcdc9e3b7c35,2/8/2024,February,5,1,Retail Store,10,646.61,6466.1,0,6466.1
250,b6790d02-3527-4fd8-bee2-4f943428bf12,12/3/2024,December,6,2,Studio Services,11,458.8,5046.8,1855.68,6902.48
251,add483aa-a688-489e-b53d-98d294b2f219,12/25/2024,December,5,1,Online Store,6,385.52,2313.12,969.24,3282.36
252,b1a1ac33-afe8-4373-8d7e-13547be27b0f,5/8/2024,May,3,5,Retail Store,7,418.15,2927.05,0,2927.05
253,f2aeef09-9ebd-4d50-95b8-47730971d817,9/23/2024,September,4,1,Retail Store,9,821.77,7395.93,0,7395.93
254,135a39e5-689b-4cfd-a1f4-db0b67aa7b9b,5/30/2024,May,3,2,Retail Store,8,540.76,4326.08,0,4326.08
255,0e8ba28d-0a7a-479f-81eb-fb8ad64c05e0,10/24/2024,October,7,2,YouTube Revenue,10,762.58,7625.8,0,7625.8
256,d6ab5a2e-1f8b-460d-8130-481cc104ae37,4/8/2024,April,4,2,Retail Store,7,484.71,3392.97,0,3392.97
257,bb2bfc2c-0cc6-4b2d-b02a-f2a3818fc319,9/19/2024,September,7,1,Retail Store,15,348.92,5233.8,0,5233.8
258,9b5a5ba0-fab5-43d2-a956-9930608c2681,9/8/2024,September,4,1,Studio Services,9,211.56,1904.04,102.78,2006.82
259,753df439-384c-427f-9b91-8732433e7a9c,5/23/2024,May,2,3,Retail Store,11,629.6,6925.6,0,6925.6
260,dff9e93c-1c2b-436c-94f9-6f9427330207,12/11/2024,December,1,5,Retail Store,6,838.82,5032.92,0,5032.92
261,46b6d9fb-9c77-4ed6-9e7c-d675a0274dc1,4/21/2024,April,5,1,Retail Store,12,322.81,3873.72,0,3873.72
262,7a2b3c4c-910f-4902-a99c-7e829dfea43f,2/29/2024,February,5,3,Retail Store,5,602.67,3013.35,0,3013.35
263,0878121c-d823-4973-839d-6d006f5a3fa7,1/2/2024,January,7,4,Retail Store,12,224.88,2698.56,0,2698.56
264,127ba878-1191-48a9-ac29-cb14490aabd6,10/30/2024,October,5,2,Online Store,3,388.86,1166.58,466.84,1633.42
265,1aeab1f1-60b9-4e67-9831-35aa1bb077c6,9/10/2024,September,7,2,Retail Store,13,553.59,7196.67,0,7196.67
266,c7fba065-bdcb-4fae-a8a5-d2954c882ad8,5/19/2024,May,4,4,Retail Store,11,154.34,1697.74,0,1697.74
267,70dde8aa-9752-4531-a541-24976be3f292,2/6/2024,February,1,1,YouTube Revenue,5,496.4,2482,0,2482
268,d212c8b4-14b0-40b6-9214-4bd2f9ca9631,6/8/2024,June,6,3,Online Store,6,332.66,1995.96,151.46,2147.42
269,d686af15-802b-44eb-bd88-91d35b75e41d,1/9/2024,January,3,4,Online Store,11,620.95,6830.45,308.83,7139.28
270,fb313c24-8069-44d4-af5d-281ecf16364b,8/20/2024,August,1,1,Online Store,11,466.92,5136.12,108.78,5244.9
271,b4f89c49-c253-44da-8c6f-425065d9f121,4/8/2024,April,2,2,Retail Store,8,687.89,5503.12,0,5503.12
272,79a1addc-d6d6-4087-a60b-47807fecc7de,5/26/2024,May,1,3,Online Store,9,444.08,3996.72,0,3996.72
273,6448e61a-d671-4d8f-9fe1-0a2512ce53ca,10/30/2024,October,5,3,Online Store,11,227.52,2502.72,716.05,3218.77
274,0f0b9ece-54c6-40ab-8900-54c95b673b7d,7/26/2024,July,4,3,Retail Store,8,202.61,1620.88,0,1620.88
275,6d443c35-3857-4b44-99c5-5adf40b59e01,5/10/2024,May,5,4,Studio Services,10,118.2,1182,302.45,1484.45
276,489e7346-461f-405e-8f1a-51ab655380b4,5/31/2024,May,4,2,Retail Store,12,626.59,7519.08,0,7519.08
277,69cc0eda-b48b-4f62-8a98-4a1665e88347,2/23/2024,February,5,1,YouTube Revenue,13,1011.55,13150.15,0,13150.15
278,7a34727f-6f35-4556-8e74-20a4e9ed2ea4,4/29/2024,April,7,4,Retail Store,12,587.05,7044.6,0,7044.6
279,dcaffaaa-d6e7-4c1d-9d4c-7b41bf5a3a56,6/9/2024,June,7,1,YouTube Revenue,10,834.41,8344.1,0,8344.1
280,5d3ffc72-c424-43be-a953-8d8d6aefbc7e,4/25/2024,April,1,5,Online Store,10,726.71,7267.1,514.9,7782
281,d9292d96-4ee1-4b68-99d2-762b54aa6109,3/15/2024,March,5,5,YouTube Revenue,11,396.33,4359.63,0,4359.63
282,ddf810b8-29ab-48b0-b6a1-e768e9ee4377,4/22/2024,April,3,5,Retail Store,4,753.06,3012.24,0,3012.24
283,b32ceda8-2744-4205-af5c-972595d729a0,4/13/2024,April,4,5,Online Store,11,404.29,4447.19,799.01,5246.2
284,9fcca90d-f115-4ca3-ba02-584b9a0ae609,12/5/2024,December,2,4,Online Store,6,408.26,2449.56,1914.58,4364.14
285,9c63c532-5a6c-450e-87ba-e02eb328bfd4,9/10/2024,September,2,2,YouTube Revenue,8,458.28,3666.24,0,3666.24
286,acafc0a3-8d54-4814-9249-9925b3c05d19,8/14/2024,August,4,3,Online Store,12,467.76,5613.12,358.01,5971.13
287,04987b66-cc04-4376-90c4-1f9b8cfaad17,4/21/2024,April,6,1,Online Store,8,632.27,5058.16,530.9,5589.06
288,6b9e7a0a-2590-4902-807b-e4caadfb4fbd,4/8/2024,April,3,4,Online Store,11,365.82,4024.02,638.86,4662.88
289,55831a94-0a90-4b0b-9d36-42e752fd5256,6/1/2024,June,4,4,Retail Store,8,677.82,5422.56,0,5422.56
290,052dab73-e980-4e7c-9d3a-aabafe0a2b26,12/14/2024,December,5,2,Online Store,7,674.95,4724.65,740.82,5465.47
291,7cebacd0-6dc7-4e40-a56b-ddea489f5e20,12/31/2024,December,5,1,Retail Store,8,568.59,4548.72,0,4548.72
292,5eb1ddf5-f689-4f93-8952-2c373fe88555,12/3/2024,December,5,1,Studio Services,9,887.92,7991.28,919.5,8910.78
293,338a27f6-9d2a-4d8d-b57d-32eaf7c4106b,7/12/2024,July,1,1,YouTube Revenue,10,757.48,7574.8,0,7574.8
294,b830f597-c369-4b2d-96f8-4474c4963707,11/5/2024,November,5,1,Studio Services,9,713.95,6425.55,597.81,7023.36
295,ecf50466-f25f-4d6a-a1ca-6b07db0a028a,6/11/2024,June,5,5,Retail Store,15,513.23,7698.45,0,7698.45
296,31373002-8d4c-46ad-abd0-92fae99b3fae,7/26/2024,July,2,4,Studio Services,12,570.35,6844.2,158.41,7002.61
297,79dfe43e-fa06-43cb-99e3-63acffccdadc,6/17/2024,June,7,5,YouTube Revenue,8,604.76,4838.08,0,4838.08
298,e8dba534-12c3-460c-838e-67c2e8623d97,6/9/2024,June,1,1,Online Store,15,502.65,7539.75,303.81,7843.56
299,799d26ff-6edb-4547-a9c9-b97cd1867973,3/8/2024,March,7,1,Online Store,5,424.89,2124.45,732.16,2856.61
300,c8423b18-4057-4a36-ac98-77512fd5b847,10/15/2024,October,6,1,Retail Store,5,50,250,0,250
301,83259a93-a010-4aae-b663-a570de1e8b9c,10/3/2024,October,4,1,YouTube Revenue,11,643.55,7079.05,0,7079.05
302,21b545f6-4eb3-4c54-b8b5-1eb0e2b62b2c,10/30/2024,October,5,1,Online Store,9,708.29,6374.61,524.08,6898.69
303,e0207e1e-fe06-4cd7-ab45-02018c201e2f,5/14/2024,May,1,1,Retail Store,7,267.78,1874.46,0,1874.46
304,9c4e0fd8-b4cb-4055-be9a-ab890e4d9453,7/13/2024,July,7,2,Retail Store,8,621.03,4968.24,0,4968.24
305,f129f58c-bd78-4327-8049-67da9ca3e081,5/7/2024,May,3,4,Studio Services,6,381.69,2290.14,441.84,2731.98
306,8a366ab4-e3d0-4d0f-b6e1-113cdbfc2329,2/2/2024,February,7,5,Studio Services,8,426.69,3413.52,58.98,3472.5
307,e56d47c9-94cb-4350-871f-bf22b5b138d5,6/24/2024,June,6,5,Studio Services,13,762.15,9907.95,521.27,10429.22
308,2d0f3304-1958-4a4f-9545-cc927f235f0b,1/22/2024,January,3,2,Online Store,8,301.87,2414.96,421.94,2836.9
309,16faa4f5-ba40-42ae-a73a-7af569735de5,8/25/2024,August,1,1,Retail Store,8,301.57,2412.56,0,2412.56
310,656a133e-5a69-4240-b364-04e6b0dced11,6/6/2024,June,1,1,Retail Store,7,860.97,6026.79,0,6026.79
311,a048948d-4014-4591-8d58-68b2293ab28b,2/7/2024,February,3,4,Retail Store,9,470.89,4238.01,0,4238.01
312,67b3fc86-172b-49f8-bb13-edd106e233b9,8/17/2024,August,6,1,Retail Store,11,749.31,8242.41,0,8242.41
313,5758e24b-e8d0-4d00-b5b5-1d157a41cb48,12/30/2024,December,5,3,Retail Store,11,180.26,1982.86,0,1982.86
314,0e9c0958-6022-434e-8319-9b845f55cace,2/20/2024,February,6,3,Retail Store,9,196.28,1766.52,0,1766.52
315,a631ba0b-bb40-4ae0-9efe-f2f664a80e51,9/20/2024,September,5,5,Online Store,9,317.41,2856.69,329.81,3186.5
316,4f6741f8-2e99-4e5f-b419-6de903ad5b82,10/9/2024,October,3,5,Studio Services,8,403.71,3229.68,509.32,3739
317,7c9da610-3c77-4f43-840c-513a13812e2a,1/27/2024,January,1,2,Online Store,8,219.34,1754.72,217.52,1972.24
318,578f0d96-4d4f-4b7b-9734-e996860771b0,8/13/2024,August,3,1,Studio Services,10,573.86,5738.6,362.79,6101.39
319,4d1477be-79d2-4b01-9794-cd514169efa8,10/3/2024,October,4,1,Online Store,14,586.92,8216.88,204.57,8421.45
320,0673e99e-b4d8-4951-8284-b9d3b386b505,10/12/2024,October,2,2,Retail Store,7,320.37,2242.59,0,2242.59
321,e83c2a09-dac8-47b6-84b3-373a86c20b46,4/6/2024,April,5,5,Retail Store,11,336.28,3699.08,0,3699.08
322,750e4d39-9d32-477d-93c0-41f04bac6eae,10/10/2024,October,6,1,Retail Store,3,362.64,1087.92,0,1087.92
323,bda20eca-7305-4432-b2f9-70a27c996a55,11/12/2024,November,5,4,Retail Store,9,267.02,2403.18,0,2403.18
324,b6321e0c-c881-40c9-a021-a677a2409583,10/30/2024,October,5,5,Online Store,15,50,750,722.19,1472.19
325,60ab74f2-b10e-404c-b03c-b4bd954c6805,5/26/2024,May,4,2,Retail Store,10,482.99,4829.9,0,4829.9
326,5ad216d0-703a-48ea-9269-58e211017ce7,1/4/2024,January,7,2,Retail Store,16,413.91,6622.56,0,6622.56
327,989081e6-b150-4a79-8c6e-8985126f064f,2/4/2024,February,6,3,Retail Store,13,434.37,5646.81,0,5646.81
328,67a3becd-572b-4a7b-b48b-f9094cd61e6c,7/10/2024,July,5,5,Studio Services,9,297.64,2678.76,426.4,3105.16
329,a6c11ccd-cc14-4d12-bea7-73786f583420,2/18/2024,February,4,4,YouTube Revenue,14,662.1,9269.4,0,9269.4
330,b7b792bf-6e6c-4f05-bc66-5eca70bee24e,1/17/2024,January,4,1,YouTube Revenue,6,985.08,5910.48,0,5910.48
331,a9cfba3d-abbe-49cc-9bed-2aaea147d426,6/20/2024,June,3,2,Retail Store,3,333.18,999.54,0,999.54
332,bc87a443-cb72-4835-8f48-3f1485cc9c58,8/7/2024,August,6,1,YouTube Revenue,18,779.94,14038.92,0,14038.92
333,e72fe8d8-a7e4-4a1d-8e14-bb3be661c987,6/6/2024,June,2,5,YouTube Revenue,11,573.33,6306.63,0,6306.63
334,6a7469e7-6c3a-4937-bec2-b47df2bce37a,2/15/2024,February,3,5,Online Store,9,507.08,4563.72,430.58,4994.3
335,2442d4e2-ff7b-4dc0-ae5d-e59fe51bd075,1/6/2024,January,4,4,Studio Services,7,431.18,3018.26,234.24,3252.5
336,1f7f327f-895d-45da-b1bf-db2b9eae27d5,4/8/2024,April,1,4,Retail Store,11,483.36,5316.96,0,5316.96
337,8dd659f7-f942-452f-b7f0-2f565d1d1a0e,8/20/2024,August,4,1,Studio Services,15,729.92,10948.8,38.11,10986.91
338,6b4f2e9c-9972-4231-beec-9d371a45242b,2/6/2024,February,4,1,Studio Services,8,272.38,2179.04,459.11,2638.15
339,630b7eb1-b020-40e4-8577-ce5aa2cf0743,10/6/2024,October,4,2,Retail Store,6,445,2670,0,2670
340,4410c1b1-e226-4683-958f-81db565cae1e,12/14/2024,December,3,5,Online Store,11,749.8,8247.8,155.04,8402.84
341,7eb35368-2a23-44be-ad43-b6375732252e,10/28/2024,October,7,1,Studio Services,8,696.74,5573.92,615.03,6188.95
342,80411ec5-1386-43bc-8f5b-65a5a0173786,6/29/2024,June,4,3,Retail Store,5,275.48,1377.4,0,1377.4
343,1d9d76dd-4dc9-4662-9131-9c54cd1d987a,4/4/2024,April,6,5,Online Store,10,463.48,4634.8,268.36,4903.16
344,d7eec2a2-13e2-48da-9709-1003f615f046,4/8/2024,April,6,4,Studio Services,13,645.6,8392.8,23.89,8416.69
345,78c0e983-9bba-4b7c-ad6d-d884623f5a09,7/6/2024,July,4,1,Online Store,15,632.69,9490.35,300.18,9790.53
346,8ce1aa4a-a34e-4581-bc43-41c1bfd30890,4/25/2024,April,4,5,Retail Store,14,695.03,9730.42,0,9730.42
347,10238c6d-fa25-4c14-a12a-0b406b792961,7/9/2024,July,1,5,Online Store,7,576.86,4038.02,512.9,4550.92
348,ebe08d87-57e9-4852-b513-91c483b689da,9/9/2024,September,4,2,Retail Store,8,610.39,4883.12,0,4883.12
349,87691b87-a7fb-43d5-8c55-b7793dc620d2,6/9/2024,June,4,5,Online Store,6,568.56,3411.36,126.19,3537.55
350,5c175b67-fd29-4c9c-b85b-478b1236c334,9/12/2024,September,1,3,Retail Store,9,815.95,7343.55,0,7343.55
351,3cd30b99-5535-4792-9d2f-79cb54b8640d,11/18/2024,November,5,1,Online Store,12,415.64,4987.68,1077.68,6065.36
352,01128918-7b01-49ef-ac95-4b3569b563eb,5/7/2024,May,5,2,Online Store,16,509.64,8154.24,487.92,8642.16
353,4ea0eb11-4c84-4d6b-bcec-2d77ebb2b3a1,1/18/2024,January,2,5,YouTube Revenue,8,297.01,2376.08,0,2376.08
354,34a5b7e8-f62d-4e70-8415-be82bb2d4fa3,10/7/2024,October,1,1,Online Store,11,257.6,2833.6,437.62,3271.22
355,38736779-e980-4065-b167-33fae87c6f3d,8/10/2024,August,5,3,Online Store,11,564.99,6214.89,184.66,6399.55
356,32d99bd3-29b5-44c8-9529-c3856a01806f,2/23/2024,February,5,1,Online Store,11,355.16,3906.76,234.14,4140.9
357,26b70797-8b60-4184-a1ce-1078b7f1dee4,2/27/2024,February,5,1,Retail Store,7,488.46,3419.22,0,3419.22
358,f93186a8-a9d3-407e-98c2-dc47b55057f2,11/18/2024,November,5,4,Online Store,7,823.55,5764.85,691.96,6456.81
359,2b9dd7dd-d0d8-4097-80c1-cb16a5851b9d,12/25/2024,December,5,5,Retail Store,12,811.99,9743.88,0,9743.88
360,b0a8744a-6e2b-4e43-b780-64dc8c988b46,6/22/2024,June,4,2,Studio Services,9,944.81,8503.29,452.29,8955.58
361,62940160-71c0-452c-b66b-813178dcfe92,10/6/2024,October,3,1,Retail Store,8,827.53,6620.24,0,6620.24
362,81a68a32-9124-43d3-a097-265015a7062c,4/23/2024,April,5,2,Online Store,9,980.6,8825.4,321.95,9147.35
363,84e2d895-5e8d-4079-bc7e-63f66959f161,10/14/2024,October,2,1,Online Store,6,587.31,3523.86,206.44,3730.3
364,e8d1ac75-0224-4dcf-bf49-9c2b195657ae,12/7/2024,December,5,5,Online Store,6,319.4,1916.4,784.53,2700.93
365,4b82550f-b319-408a-bbb3-7cef69013a51,5/30/2024,May,2,4,Retail Store,8,299.92,2399.36,0,2399.36
366,076349e2-d774-4eaa-9f0a-1eb59919a309,5/6/2024,May,4,2,Online Store,4,779.27,3117.08,642.66,3759.74
367,c4440a83-9421-4c10-9453-575aaf2a4e47,6/3/2024,June,6,5,Online Store,14,510.33,7144.62,80.96,7225.58
368,a97b73f0-1390-45bb-a556-42d58bb87e51,9/29/2024,September,5,5,YouTube Revenue,12,525.23,6302.76,0,6302.76
369,2a485915-5ad8-4126-8cba-159986bfce76,4/13/2024,April,4,4,Retail Store,14,390.19,5462.66,0,5462.66
370,3fb1ef03-f985-40eb-ad0e-2380fed4a944,10/25/2024,October,5,5,Online Store,7,414.17,2899.19,674.19,3573.38
371,f92e72d1-b8d8-4a8c-aae3-479fe01108e2,9/2/2024,September,1,2,Online Store,7,576.75,4037.25,358.88,4396.13
372,d5f6ebfc-15f7-4624-8f52-9ff97f781394,6/24/2024,June,6,2,Online Store,6,288.96,1733.76,2.51,1736.27
373,bf3b36a0-dc6f-418c-b777-665f28e3ff90,2/8/2024,February,3,1,Online Store,10,551.43,5514.3,216.91,5731.21
374,e143f18b-410b-4e53-a7e4-67a685bdf1e3,6/18/2024,June,5,1,Online Store,6,802.22,4813.32,409.74,5223.06
375,83ef3ad1-023a-41b2-a2fa-2899e50c3c94,9/3/2024,September,1,3,Retail Store,4,73.27,293.08,0,293.08
376,d6aee86b-21e6-4d26-9d57-b79225d48aea,1/26/2024,January,5,1,Retail Store,10,191.74,1917.4,0,1917.4
377,249dd403-5732-4296-a6f8-ca67be568d39,12/20/2024,December,5,1,Retail Store,14,635.12,8891.68,0,8891.68
378,0bc1e889-a8c7-488d-9abb-9d101dce8aff,11/1/2024,November,2,4,Retail Store,10,772.79,7727.9,0,7727.9
379,70a82b4a-f02f-4336-a3d7-e5d339e49e6b,1/13/2024,January,5,3,Online Store,6,402.02,2412.12,520.27,2932.39
380,38581983-ca52-4ecf-9fff-d14b36dd850c,11/11/2024,November,1,2,Online Store,8,100.35,802.8,111.97,914.77
381,20e90f9c-d01a-4563-8fbf-818be607643e,11/8/2024,November,7,3,Retail Store,7,786.38,5504.66,0,5504.66
382,5d168b75-755b-412c-b4d8-d4c38bad3171,2/5/2024,February,5,3,Studio Services,9,337.79,3040.11,0,3040.11
383,76f479fc-475f-4912-b22f-8d218b53c8b8,6/21/2024,June,3,1,Retail Store,10,427.75,4277.5,0,4277.5
384,f4448cd9-ecdd-42b9-b873-42886740dba2,1/20/2024,January,1,5,YouTube Revenue,5,563.81,2819.05,0,2819.05
385,dc1bf54a-5770-437f-906c-627258b4b162,11/16/2024,November,1,1,Online Store,10,366.71,3667.1,117.85,3784.95
386,4cbd902b-dbb9-4af5-ba14-50fdc35b35db,9/20/2024,September,3,5,Retail Store,13,324.77,4222.01,0,4222.01
387,68dfd86b-0559-4568-8d58-e24973c16e6e,5/21/2024,May,1,2,Retail Store,12,328.44,3941.28,0,3941.28
388,cf3e0384-bdd9-40f6-b920-cc875011c005,5/22/2024,May,1,5,Online Store,12,871.59,10459.08,587.39,11046.47
389,b25dbc9c-28e7-44b1-b542-70be0a492939,4/1/2024,April,6,5,Retail Store,7,731.92,5123.44,0,5123.44
390,530836de-3c1a-44f3-b11f-4ea9b7dc76fe,12/19/2024,December,5,5,Studio Services,12,614.9,7378.8,0,7378.8
391,f6095b17-a8de-41c5-81dd-b8413e94c55b,11/17/2024,November,4,1,Online Store,7,62.71,438.97,1044.09,1483.06
392,b5ae93fb-5072-43fb-b90a-bab91a64f92b,10/14/2024,October,7,5,Studio Services,15,615.64,9234.6,691.55,9926.15
393,6ced804b-df6f-45b3-9d73-8e2ddae80921,8/2/2024,August,5,1,Retail Store,7,604.84,4233.88,0,4233.88
394,6d6b5578-3006-4c59-ab5d-a05d81605596,12/7/2024,December,7,1,YouTube Revenue,8,244.37,1954.96,0,1954.96
395,2ac7cb7b-a07a-488e-883e-f60becc51d57,2/20/2024,February,5,1,Online Store,5,551.74,2758.7,334.39,3093.09
396,1daca31a-63f2-4c56-ae23-0739933d6c77,6/1/2024,June,5,5,YouTube Revenue,12,710.3,8523.6,0,8523.6
397,239f3dc1-dec6-4e82-ba7b-fb7d3efe2e2e,7/4/2024,July,2,2,Retail Store,8,613.87,4910.96,0,4910.96
398,c34a20d5-4c8e-45b8-8eaa-cb6f546bd355,3/3/2024,March,5,1,Online Store,8,363.97,2911.76,374.51,3286.27
399,af6a684d-b47c-49d0-86a3-672a4ef5bcd1,7/8/2024,July,1,5,Online Store,14,502.65,7037.1,309.95,7347.05
400,fba4153c-df78-4c78-9219-bcaedcb6b69a,5/4/2024,May,7,3,YouTube Revenue,14,646.07,9044.98,0,9044.98
401,edbbb2b0-56cd-4140-b6e4-54b9170e518b,5/29/2024,May,7,1,Retail Store,10,511.89,5118.9,0,5118.9
402,165de619-8236-4458-9933-58d899b85534,11/9/2024,November,3,4,Studio Services,6,750.86,4505.16,751.66,5256.82
403,f4543848-d839-4dec-8fba-cf599fe10834,2/27/2024,February,5,5,Retail Store,15,579.14,8687.1,0,8687.1
404,52c289d3-3600-452e-92f6-5486d3c2c4d2,12/7/2024,December,4,5,YouTube Revenue,6,650.58,3903.48,0,3903.48
405,6cfe6990-c7df-4b34-9494-cebae5b6509d,10/31/2024,October,3,3,Studio Services,7,664.28,4649.96,510.03,5159.99
406,1455113f-d160-4b4b-a6e4-b69a8c2a4339,6/28/2024,June,4,1,YouTube Revenue,4,286.66,1146.64,0,1146.64
407,e323f399-cdba-4ea3-9350-829c7ac8c0a1,6/18/2024,June,5,3,Online Store,9,510,4590,613.14,5203.14
408,99f85754-95e8-4073-92f3-6a67cf486597,11/21/2024,November,4,5,Online Store,12,433.53,5202.36,464.17,5666.53
409,707c4d63-e51a-4402-9baf-8432c9db9361,9/27/2024,September,4,4,Studio Services,14,708.77,9922.78,76.82,9999.6
410,015f45c6-404c-4fba-b515-14a231f4df43,2/23/2024,February,1,1,Retail Store,8,592.65,4741.2,0,4741.2
411,7c06cdd1-608e-4efc-97b8-9cd529f1f94a,4/10/2024,April,1,5,Online Store,12,462.36,5548.32,56.82,5605.14
412,dc3a00dc-7c85-4086-9dac-7c597276ee5f,9/20/2024,September,4,3,Online Store,8,243.63,1949.04,0,1949.04
413,1dc5c3b8-1f1a-4519-bc71-a0b79b394a5c,2/22/2024,February,3,1,YouTube Revenue,13,180.62,2348.06,0,2348.06
414,80095b4d-4acd-4fb2-8175-807e62dc284e,2/29/2024,February,6,5,Retail Store,14,562.07,7868.98,0,7868.98
415,74612f88-8b47-4647-aaf6-e781f3c88ea7,4/17/2024,April,5,2,Online Store,6,356.56,2139.36,558.88,2698.24
416,06bcbe62-e7bc-4e7d-920c-6b91a440baaa,1/5/2024,January,1,2,YouTube Revenue,12,633.23,7598.76,0,7598.76
417,33142889-b39b-4064-9dea-869602f649f4,4/12/2024,April,1,5,Retail Store,9,171.37,1542.33,0,1542.33
418,b4960018-73ef-4094-99dd-11cb879ca67e,7/14/2024,July,4,2,Studio Services,7,818.59,5730.13,257.81,5987.94
419,724bce6f-6b4d-4d40-8fd3-47135dbd1b60,9/18/2024,September,2,4,Retail Store,14,632.77,8858.78,0,8858.78
420,e9d61b9b-7693-4eb3-aac9-47075117b523,12/30/2024,December,5,4,Retail Store,10,519.84,5198.4,0,5198.4
421,7b3b5ea2-545c-4833-8bff-899431bfaa8c,12/15/2024,December,4,1,Retail Store,17,836.61,14222.37,0,14222.37
422,ee1a527c-b124-42e2-ac61-923a24e69a64,2/16/2024,February,5,2,Retail Store,9,689.68,6207.12,0,6207.12
423,faaaea8f-9b87-449c-b6f3-62b082c1c6e4,12/20/2024,December,1,5,Studio Services,12,405,4860,917.63,5777.63
424,7102899f-8c64-4fda-9d9a-357a4d162b60,11/6/2024,November,5,4,Retail Store,9,515.52,4639.68,0,4639.68
425,6f524203-50a7-4ddd-9315-1faa940bd8d3,11/3/2024,November,2,5,Online Store,11,107.15,1178.65,372.77,1551.42
426,f7c8bfa1-727f-4325-9f9d-ab904fa311b2,5/23/2024,May,1,1,Retail Store,12,712.84,8554.08,0,8554.08
427,2753a929-91b0-41f8-bdfa-2f1a05f1d9da,9/25/2024,September,6,2,Online Store,9,440.81,3967.29,116.86,4084.15
428,da9b6d10-c574-4c54-9ec8-605890ab3bc5,5/3/2024,May,5,5,Online Store,7,104.56,731.92,479.01,1210.93
429,d174eb6e-4be0-43fd-930e-821a008d67a0,4/15/2024,April,5,4,Retail Store,17,263.63,4481.71,0,4481.71
430,185bcdc5-6282-4b01-98d8-06ec52c76c37,6/6/2024,June,5,4,Retail Store,12,674.18,8090.16,0,8090.16
431,84a04546-1a77-40bd-baa4-365062f20c7d,5/26/2024,May,6,3,Studio Services,14,822.76,11518.64,0,11518.64
432,3d8039e8-e8b7-4dbe-99b1-13fc8069e502,5/24/2024,May,5,1,Retail Store,12,504.09,6049.08,0,6049.08
433,7a5af6dc-9ef7-4d20-a333-94b35b358e52,4/29/2024,April,4,3,Online Store,13,303.59,3946.67,259.52,4206.19
434,a6dbcefa-59e1-41a5-8359-794877d68bf0,11/14/2024,November,1,1,Retail Store,11,215.85,2374.35,0,2374.35
435,f585ba18-bd9b-46d6-91b8-1649f0438527,10/1/2024,October,5,1,YouTube Revenue,10,782.92,7829.2,0,7829.2
436,bcd76016-6198-47d8-9160-0ffe626d8758,4/1/2024,April,1,2,Retail Store,11,589.89,6488.79,0,6488.79
437,bf630fe1-aefb-44c5-9eab-a6d09edbdced,2/27/2024,February,1,1,Online Store,9,433.97,3905.73,441.57,4347.3
438,4fe9934a-2c6c-4ede-b594-d4a4bbe561fd,12/11/2024,December,5,5,Retail Store,13,386.35,5022.55,0,5022.55
439,8586ab88-437f-41d7-a269-c14333b75aa8,8/16/2024,August,1,4,Studio Services,11,634.37,6978.07,114.87,7092.94
440,5db1d911-08d2-49c3-941b-6979e4de9338,4/26/2024,April,4,5,Retail Store,12,628.86,7546.32,0,7546.32
441,0afb100c-cb1a-4fd2-9651-ddd9c5b1a051,11/13/2024,November,1,1,YouTube Revenue,7,320.68,2244.76,0,2244.76
442,2b0bb5d2-65ce-4efb-977f-43d5d20fc9f1,10/5/2024,October,3,4,Online Store,11,271.53,2986.83,494,3480.83
443,8d5b2620-a574-4230-8e79-5737c793d780,5/6/2024,May,6,1,Retail Store,7,281.62,1971.34,0,1971.34
444,9fc09d8c-dda1-4c02-99f0-9bf1f7e0038d,5/8/2024,May,4,2,YouTube Revenue,10,406.36,4063.6,0,4063.6
445,9d6afaea-5848-4ca3-a075-0fc341cc75a0,2/27/2024,February,1,4,Retail Store,10,362.04,3620.4,0,3620.4
446,0150dc9e-4172-4c02-8d12-72c22e406584,5/1/2024,May,6,4,Studio Services,7,823.62,5765.34,181.95,5947.29
447,65239f21-caa5-41c0-b565-8074152e89fd,1/1/2024,January,4,3,Studio Services,9,399.24,3593.16,181.62,3774.78
448,f46f65ad-477f-4626-a739-ea2d82397a00,8/26/2024,August,1,5,Studio Services,7,250.07,1750.49,336.24,2086.73
449,fb6b0ad0-bf7b-448d-a783-9fed6d9b7507,10/16/2024,October,5,1,Retail Store,7,261.3,1829.1,0,1829.1
450,296575b3-ea3c-4dbb-83ac-72b8c767f0cd,4/5/2024,April,5,2,YouTube Revenue,9,463.21,4168.89,0,4168.89
451,19270782-50d0-4432-971b-7569373de3bf,5/5/2024,May,5,4,Online Store,13,135.58,1762.54,81.65,1844.19
452,04ba52c1-b58f-434e-8081-ffcf61b5a9ee,4/27/2024,April,2,5,Studio Services,5,487.98,2439.9,723.58,3163.48
453,55b9a3b1-1e7e-4bc3-8fac-7c2d1877fd46,2/17/2024,February,5,1,Online Store,11,232.76,2560.36,308.27,2868.63
454,b4e15c37-6610-43a3-9c32-3a615eab64d0,3/29/2024,March,1,1,YouTube Revenue,7,731.72,5122.04,0,5122.04
455,b24b36a7-e0b2-4067-b665-c83a15b880e5,8/24/2024,August,5,1,Online Store,8,523.31,4186.48,438.47,4624.95
456,7847e56b-7fc1-48e3-a62a-0ddd67a07491,9/28/2024,September,6,2,Online Store,14,924.2,12938.8,393.71,13332.51
457,11fd19b7-c5cf-4642-bc8f-10199325addc,7/7/2024,July,5,5,Retail Store,8,454.36,3634.88,0,3634.88
458,b2f328b5-a488-47b8-973a-a2c1b293e8aa,7/10/2024,July,1,4,YouTube Revenue,5,50,250,0,250
459,b5dfb95b-3010-4901-90d8-8cc8d6302639,3/9/2024,March,1,2,Online Store,10,791.54,7915.4,214.98,8130.38
460,ba037536-7999-4f9e-8b30-8b1423995acf,10/4/2024,October,4,1,Online Store,11,600.38,6604.18,814.72,7418.9
461,67350f56-8115-4845-962d-fa108ffab821,12/14/2024,December,1,3,YouTube Revenue,8,631.38,5051.04,0,5051.04
462,65debfd8-7c63-45eb-bffc-b648b648ac06,9/3/2024,September,5,5,Online Store,5,299.48,1497.4,142.95,1640.35
463,09a16cda-021a-4a2c-a562-b8b3af779f85,3/16/2024,March,7,3,Retail Store,12,491.43,5897.16,0,5897.16
464,70d270a4-f177-4aef-abbf-9027e5a83b03,6/2/2024,June,5,2,Online Store,11,537.29,5910.19,259.11,6169.3
465,ce5b6edb-a575-4812-80bf-4eb9063ddf40,5/23/2024,May,1,2,Online Store,10,452.44,4524.4,551.06,5075.46
466,ce7d78ca-1b42-4b9e-817a-9bf747dd57b8,3/26/2024,March,5,2,Online Store,9,153.13,1378.17,0,1378.17
467,3018c670-5f3c-49d1-a9ec-c75116059ddd,7/3/2024,July,3,1,Retail Store,13,1053.74,13698.62,0,13698.62
468,765271ba-f827-46ec-8e5a-aa996403c9b8,10/11/2024,October,7,1,Retail Store,8,667.17,5337.36,0,5337.36
469,6f6a284c-f21c-4092-9467-296d6f7aecd0,8/7/2024,August,5,2,Retail Store,9,584.12,5257.08,0,5257.08
470,0743931d-bf73-46e3-a267-432c2e00ec43,3/9/2024,March,5,1,YouTube Revenue,4,762.78,3051.12,0,3051.12
471,091465e4-e150-4b18-bdfe-992fc0a2a2ef,2/16/2024,February,5,5,Retail Store,11,628.84,6917.24,0,6917.24
472,79f22823-525a-4756-ad0f-7969538b6869,4/3/2024,April,2,1,Online Store,11,364.56,4010.16,931.9,4942.06
473,acee3363-9085-4ab7-81c5-b705dc919123,8/25/2024,August,3,3,Studio Services,12,749.96,8999.52,77.37,9076.89
474,a8f9fb97-904c-4125-8c9e-33b1eb1ec1c6,7/22/2024,July,5,1,Retail Store,5,670.44,3352.2,0,3352.2
475,bce516c4-5660-4618-a58b-02f752184a60,8/5/2024,August,2,3,Online Store,10,372.14,3721.4,181.75,3903.15
476,291e5693-3888-485e-ab58-0eb6da68970d,12/6/2024,December,5,4,YouTube Revenue,9,658,5922,0,5922
477,84628899-5c89-4f4f-9541-3a8c425deba9,2/8/2024,February,7,1,Studio Services,10,451.89,4518.9,351.99,4870.89
478,14798573-9960-4289-bade-628298900a86,4/9/2024,April,5,1,YouTube Revenue,11,541.7,5958.7,0,5958.7
479,14080c56-b4ac-49c9-a05f-634c3b0a0cee,10/15/2024,October,5,5,YouTube Revenue,10,619.93,6199.3,0,6199.3
480,2fe740f7-659c-41cb-a4cf-827a8c9c9ed4,9/10/2024,September,5,4,YouTube Revenue,12,773.7,9284.4,0,9284.4
481,ab6fb7d0-01f9-47cd-8900-d144f3d24631,8/9/2024,August,4,1,Online Store,10,370.8,3708,243.74,3951.74
482,8f2195f8-222d-4d27-94ac-bae45637acde,12/22/2024,December,7,5,YouTube Revenue,3,572.99,1718.97,0,1718.97
483,e29347a7-b54f-4928-add6-2e99eee23249,1/23/2024,January,2,1,Retail Store,9,903.15,8128.35,0,8128.35
484,beef8f66-80a4-4f4f-bb3c-a58aa0c817ca,9/6/2024,September,5,2,Studio Services,9,464.79,4183.11,515.73,4698.84
485,6a703a6f-7ee6-43f1-a329-2f08d5ba15e5,1/10/2024,January,7,5,Online Store,16,539.31,8628.96,9.88,8638.84
486,3a1c60b3-94d6-4466-baab-f06042562f2c,9/2/2024,September,7,2,Online Store,9,902.85,8125.65,502.76,8628.41
487,65f1eea1-aec2-4c8d-be0a-f83bb7a67b10,11/20/2024,November,5,4,Retail Store,16,627.5,10040,0,10040
488,fe3c2758-8a96-4eb3-a954-314102ecd2e8,4/9/2024,April,7,1,YouTube Revenue,10,205.2,2052,0,2052
489,32e37bc4-8364-4f51-8464-ee780de46736,10/16/2024,October,1,2,Retail Store,11,340.9,3749.9,0,3749.9
490,febd31f3-13a3-4cd6-99e1-d4f030d9b4ef,6/28/2024,June,5,1,Studio Services,7,637.92,4465.44,445.3,4910.74
491,31d1a8fc-71a3-4c14-991e-b05c9f4d9949,8/10/2024,August,7,4,YouTube Revenue,11,584.6,6430.6,0,6430.6
492,e3f951d9-5582-40c9-bfbb-e99130d684b0,9/6/2024,September,6,3,Retail Store,14,532.52,7455.28,0,7455.28
493,5f855167-9a49-4139-8b41-4058e7e0138b,5/26/2024,May,4,4,YouTube Revenue,9,932.24,8390.16,0,8390.16
494,b2ab5d1f-da1d-4d59-b9fb-8a73cdccda4f,4/5/2024,April,5,1,YouTube Revenue,8,376.5,3012,0,3012
495,b59b66a7-5637-4f8d-a86f-18a8a153929f,9/13/2024,September,5,1,Online Store,12,485.12,5821.44,566.14,6387.58
496,612047ff-619b-4795-8511-c28000adc2e7,11/20/2024,November,1,5,Retail Store,5,107.38,536.9,0,536.9
497,1dc78c04-2f43-42cf-b0ab-c00f45d60f30,1/4/2024,January,1,5,Retail Store,8,732.13,5857.04,0,5857.04
498,1fb64241-4bf4-4a65-8ce3-458bd7306278,1/16/2024,January,6,1,Retail Store,12,340.23,4082.76,0,4082.76
499,6a5c9f9b-b73e-43cb-9189-302b295e7118,10/6/2024,October,4,5,Retail Store,8,711.43,5691.44,0,5691.44
500,fb89551d-0400-4b9a-b36f-2927dfdd91fe,12/1/2024,December,3,1,Studio Services,7,690.41,4832.87,41.58,4874.45
501,92335ea4-a36b-40f6-a7a2-d8cba984f68a,9/3/2024,September,3,5,Retail Store,10,969.82,9698.2,0,9698.2
502,88064d43-a274-4d14-a711-c95c4feabf0c,9/14/2024,September,2,2,YouTube Revenue,13,629.86,8188.18,0,8188.18
503,fc028aed-42fa-4106-ae45-13c1f64f0d10,6/8/2024,June,5,5,Retail Store,3,428.78,1286.34,0,1286.34
504,b6382811-e7ae-49fd-abc4-c20574766e70,12/5/2024,December,7,1,Online Store,12,590.72,7088.64,106.77,7195.41
505,841c60fa-1b53-4345-a4df-de5243a5d575,5/31/2024,May,2,5,YouTube Revenue,15,348.15,5222.25,0,5222.25
506,2de44f75-312d-43b9-872d-6bbacf116447,6/26/2024,June,7,1,Studio Services,6,563.83,3382.98,238.37,3621.35
507,a98c1950-0a32-4339-80db-cbad8591fc77,6/11/2024,June,5,4,Retail Store,12,459.82,5517.84,0,5517.84
508,b8d7aa50-c996-4749-aeae-2cb37c45c3b6,2/2/2024,February,5,1,Online Store,8,485.93,3887.44,55.05,3942.49
509,f5f12e93-176b-4360-b828-e2cbb269361a,6/27/2024,June,5,2,Online Store,9,320.33,2882.97,0,2882.97
510,375ac9f4-a77e-4769-9b2c-07aaab7a0652,4/10/2024,April,4,4,Retail Store,6,560.09,3360.54,0,3360.54
511,c26cb4ee-35cc-44c7-9de3-e11d6063f264,9/24/2024,September,1,2,Retail Store,13,664.85,8643.05,0,8643.05
512,2ffb0e42-511e-4c80-84e4-9229f3a83bee,11/18/2024,November,5,3,Online Store,13,169.58,2204.54,422.8,2627.34
513,ae796311-5445-40bf-aff3-8d089988ebb9,3/5/2024,March,1,2,Online Store,10,362.28,3622.8,684.27,4307.07
514,8cf39605-bc76-47a7-91d4-c6c1c596abed,6/16/2024,June,4,4,YouTube Revenue,12,533.61,6403.32,0,6403.32
515,2fc9813e-68d4-4968-ae6b-3a5970292716,11/25/2024,November,7,3,Retail Store,6,50,300,0,300
516,3c79f16c-4806-4754-aabd-150ee39814cf,2/12/2024,February,5,3,Online Store,15,848.05,12720.75,803.82,13524.57
517,522faaff-4bf5-41a0-a54e-01055ccf707e,2/13/2024,February,7,3,Online Store,8,357.78,2862.24,398.76,3261
518,931ce841-a010-4f72-9954-fc51a4f174dd,10/11/2024,October,7,5,YouTube Revenue,8,312.38,2499.04,0,2499.04
519,a7b73cc1-5f3c-44f6-87d6-41221e71881f,1/12/2024,January,5,3,Studio Services,2,458.53,917.06,512.84,1429.9
520,21ab6b02-a7f9-4c2c-8de4-abb90f5dfac9,4/4/2024,April,5,5,Online Store,11,527.47,5802.17,486.75,6288.92
521,9f579f34-7ae2-481f-8a77-2e403c39e14e,10/28/2024,October,1,1,YouTube Revenue,8,348.71,2789.68,0,2789.68
522,3ff93a37-8d34-469d-8627-b5f4eae50554,9/9/2024,September,1,1,Retail Store,8,696.08,5568.64,0,5568.64
523,6d3175c6-3ab6-49f8-83e3-30737215cac2,8/29/2024,August,5,1,Online Store,8,579.94,4639.52,333.93,4973.45
524,3c5da94a-a8d9-405e-9b0e-e8fbb97243ff,2/4/2024,February,6,1,Retail Store,10,332.55,3325.5,0,3325.5
525,a1835d1f-e998-4b02-b57f-3272faea892e,8/2/2024,August,1,1,Online Store,12,395.52,4746.24,228.08,4974.32
526,74e68e40-33e3-46d9-81bc-53bfe29df53b,12/2/2024,December,1,3,YouTube Revenue,14,196.65,2753.1,0,2753.1
527,a55cad35-7a32-4e8c-a243-67726242793f,3/30/2024,March,1,1,Studio Services,10,249.33,2493.3,1565.92,4059.22
528,3a72e0c3-317d-44fe-8b07-7c613e7313d3,9/20/2024,September,7,2,Retail Store,9,577.52,5197.68,0,5197.68
529,a4d1933c-363b-4baf-831f-e0c55ec94d90,4/2/2024,April,4,1,Online Store,9,334.63,3011.67,294.32,3305.99
530,e4f59517-6699-41d3-a9ae-e7b527e7692b,3/30/2024,March,2,1,Online Store,7,860.86,6026.02,402.01,6428.03
531,5c2098a8-fac4-4a8d-b0fc-8c9789322b09,4/24/2024,April,2,2,Retail Store,9,514.18,4627.62,0,4627.62
532,4bdacb37-7b38-49d3-be46-537e1e7630e2,4/14/2024,April,6,3,Retail Store,14,229.44,3212.16,0,3212.16
533,15b60cdc-f7fc-43f0-bcdd-5e6655afe9ee,7/14/2024,July,6,1,Retail Store,11,271.33,2984.63,0,2984.63
534,2b91bf86-fb3b-4b7a-9a47-aaa228c3b5b3,11/9/2024,November,5,4,Retail Store,7,710.59,4974.13,0,4974.13
535,a722e379-ca25-4154-9cf8-a1316fc6c0d7,4/23/2024,April,1,4,Retail Store,11,484.7,5331.7,0,5331.7
536,26ff821a-d496-47b2-bfec-44bd9425b008,3/15/2024,March,6,5,Retail Store,8,698.4,5587.2,0,5587.2
537,beef6d7a-1be2-47a5-85af-9d7c08b96955,8/4/2024,August,3,5,Retail Store,8,426.7,3413.6,0,3413.6
538,9525702c-39dd-442d-ab92-8feae673db22,10/3/2024,October,4,4,YouTube Revenue,8,387.95,3103.6,0,3103.6
539,afa18ae9-b553-4904-9b31-1642e5fce3ac,9/5/2024,September,4,3,Online Store,5,723.89,3619.45,517.27,4136.72
540,1674cd4b-baa9-494d-8cd5-5f4058d775da,6/12/2024,June,5,5,Studio Services,5,328.28,1641.4,337.35,1978.75
541,c786f2ac-cf5b-432d-95c3-5cce330a8cf3,12/22/2024,December,5,2,Online Store,10,597.81,5978.1,670.95,6649.05
542,66d3bac2-ef0f-4bb2-914c-42d63da2e6df,7/10/2024,July,5,1,YouTube Revenue,4,457.64,1830.56,0,1830.56
543,b7116434-fc59-4045-a398-a363556acedf,8/14/2024,August,5,5,Studio Services,7,675.74,4730.18,394.06,5124.24
544,afaa24ac-b829-447b-a7a3-845c67cbaeec,6/25/2024,June,4,1,Online Store,10,863.7,8637,292.59,8929.59
545,4d97efa7-736a-4cc8-a5c8-57695381a5ca,4/8/2024,April,4,2,Online Store,12,421.56,5058.72,485.54,5544.26
546,66dcf991-526a-47e8-8641-dbeb2e9d9978,2/5/2024,February,5,3,YouTube Revenue,9,390.57,3515.13,0,3515.13
547,56ae6d21-498c-4a35-8f95-87eb01683349,4/5/2024,April,7,3,Retail Store,8,633.16,5065.28,0,5065.28
548,37ccde7b-7590-42a4-9df4-887b145fe5b1,5/31/2024,May,5,1,Retail Store,12,283.6,3403.2,0,3403.2
549,d0315518-eda1-43f7-920a-4556762b8644,5/30/2024,May,1,1,Online Store,6,823.29,4939.74,398.42,5338.16
550,5270a25a-68ea-432d-92d6-bf32c922784c,7/8/2024,July,1,5,Online Store,7,789.2,5524.4,0,5524.4
551,6be3286f-df08-4612-92ac-cb3dc65dd698,8/11/2024,August,5,2,Retail Store,8,300.18,2401.44,0,2401.44
552,88e96137-c6ee-414b-bc0e-afd65c474af3,2/6/2024,February,4,5,Studio Services,14,183.38,2567.32,13.21,2580.53
553,a402e5a2-1f26-4b6d-9689-1f41146ba1a6,9/24/2024,September,5,1,Online Store,12,267.88,3214.56,578.25,3792.81
554,0369d9d8-acb3-499a-91e8-4ae8a0fa7c70,7/1/2024,July,3,4,Online Store,8,270.93,2167.44,178.15,2345.59
555,72c06ae4-4269-4474-ab3c-7cb979cd1e48,1/13/2024,January,3,1,Studio Services,6,660.35,3962.1,230.06,4192.16
556,4cca8f1f-9b36-4622-955e-6a4968382f1a,10/5/2024,October,5,4,Online Store,7,809.83,5668.81,786.99,6455.8
557,d6048447-f583-47f0-888d-4b498a0f6bff,8/4/2024,August,3,1,Studio Services,16,658.03,10528.48,236.82,10765.3
558,1eb698f4-a354-42ba-bdfd-2079c49c624e,12/20/2024,December,5,3,Online Store,9,452.76,4074.84,786.55,4861.39
559,29c99f29-cc31-4ba0-a722-e130778c4ba9,12/26/2024,December,5,1,Retail Store,9,568.5,5116.5,0,5116.5
560,a2031315-d606-4354-8781-1d8f43fa0473,10/12/2024,October,6,4,YouTube Revenue,8,326.04,2608.32,0,2608.32
561,61e31474-2029-484b-9eb3-221b56462023,9/29/2024,September,2,5,Online Store,9,719.44,6474.96,538.18,7013.14
562,4f84dae2-e4e1-4f19-be02-dc11534809af,3/2/2024,March,3,1,YouTube Revenue,9,586.41,5277.69,0,5277.69
563,6e3cdcfe-63db-4d12-97cc-d8ee433ad4d2,3/24/2024,March,4,5,Studio Services,11,654.64,7201.04,384.62,7585.66
564,245d60fb-74bf-4b40-bbde-7d86f1544c63,8/4/2024,August,1,1,YouTube Revenue,21,354.49,7444.29,0,7444.29
565,b271c74a-d663-410a-b817-51c273f5eec9,12/7/2024,December,5,1,Online Store,9,466.28,4196.52,1549.58,5746.1
566,eb607706-3a7d-4eb1-807f-a131a056f4ae,7/5/2024,July,4,4,Studio Services,13,645.01,8385.13,457.6,8842.73
567,4a90b139-3a42-4293-9dec-c762128e0d9f,1/19/2024,January,6,5,Online Store,9,788.7,7098.3,524.55,7622.85
568,f75aa81b-601a-4653-8d5a-09b873fc76ca,6/25/2024,June,2,2,Online Store,7,378.38,2648.66,175.74,2824.4
569,d25d2839-079e-4336-8556-c53df09e2022,4/9/2024,April,1,3,Studio Services,8,656.09,5248.72,910.09,6158.81
570,ee4fcd71-1a3e-4267-a1b6-9e4af839702b,8/20/2024,August,6,3,Retail Store,7,357.59,2503.13,0,2503.13
571,455d0f16-baf7-46cc-aa10-15f54710e0ee,3/16/2024,March,6,1,YouTube Revenue,3,923.44,2770.32,0,2770.32
572,31fea1fb-2703-48e3-86d9-98eb47acae68,9/21/2024,September,7,1,Studio Services,9,417.04,3753.36,466.36,4219.72
573,6b0d7a02-a5fa-442a-9801-8d94c5d92721,10/10/2024,October,1,2,YouTube Revenue,11,628.7,6915.7,0,6915.7
574,897cd879-e1f3-4dd6-895e-bbb4899decef,7/24/2024,July,1,4,Online Store,10,533.12,5331.2,61.43,5392.63
575,511312f4-cd33-4ebd-905d-492136d3b94a,8/10/2024,August,6,1,YouTube Revenue,8,1021.06,8168.48,0,8168.48
576,424a223d-b5a5-4132-ac0f-c9382985812c,2/21/2024,February,6,1,Online Store,10,545.98,5459.8,0,5459.8
577,12f7d613-85af-4b35-b7f4-afbda97ee2a3,12/4/2024,December,5,5,Studio Services,7,396.99,2778.93,469.07,3248
578,d72f3945-cabc-4233-8d8d-c718a525b185,5/23/2024,May,5,4,Retail Store,16,627.9,10046.4,0,10046.4
579,1805e514-ee92-4876-aee5-975e39c54c8a,3/9/2024,March,3,1,Retail Store,8,623.45,4987.6,0,4987.6
580,6e7e09dd-ac75-4ab8-b6c6-84458eab2f2f,4/8/2024,April,5,5,Retail Store,12,468.51,5622.12,0,5622.12
581,d2f71684-f203-43f6-b23d-071d99df1438,1/25/2024,January,4,4,Online Store,11,281.05,3091.55,293.85,3385.4
582,8bb1ffea-4213-4012-83ce-d78378c6eae7,2/22/2024,February,5,1,Online Store,13,394.4,5127.2,378.72,5505.92
583,6e6b794b-185d-4d19-a7a9-2148d75fa27c,5/30/2024,May,2,1,YouTube Revenue,8,676.3,5410.4,0,5410.4
584,9145cb1f-69fe-4e46-9f05-344c544f2184,5/23/2024,May,7,3,Online Store,6,150.51,903.06,337.59,1240.65
585,13d6165d-4e31-4bc3-b8ac-07489e0c0e0f,2/26/2024,February,1,4,Online Store,10,450.39,4503.9,290.98,4794.88
586,22a9a711-5522-4e69-a5c2-46c16c0fd7ec,2/8/2024,February,5,1,Retail Store,8,698.97,5591.76,0,5591.76
587,96a55f29-b5f4-4ae0-94ad-cb07fb4d3e78,4/18/2024,April,4,5,Online Store,14,481.3,6738.2,462.2,7200.4
588,98340db4-274f-487e-bd5b-fc635087b708,6/29/2024,June,1,5,Online Store,9,934.74,8412.66,485.62,8898.28
589,39fd98b8-340d-4067-b7e4-9aea8b20b5d8,2/11/2024,February,5,5,Retail Store,12,151.07,1812.84,0,1812.84
590,d582eef1-9ffd-49a1-9c8e-52cb138161b7,7/4/2024,July,7,3,Retail Store,16,307.73,4923.68,0,4923.68
591,36b249ab-03f0-4f2b-9060-11746255513c,8/10/2024,August,2,5,Retail Store,10,50,500,0,500
592,0731c8e9-6514-49ec-84b6-d8af6ba40dfc,5/1/2024,May,2,5,Retail Store,5,898.74,4493.7,0,4493.7
593,f150b1ad-64d2-4ecd-9f9a-eb45b955c12e,5/12/2024,May,1,5,Online Store,7,311,2177,48.38,2225.38
594,5eb6ba38-1b07-4858-8472-26aa47e04406,6/11/2024,June,5,3,Retail Store,8,102.62,820.96,0,820.96
595,32ff77e2-b2fb-41a6-826d-170cecb0068e,8/2/2024,August,6,5,YouTube Revenue,10,377.62,3776.2,0,3776.2
596,63ad0b93-9956-4d2a-8ced-bf5021fbab0f,8/8/2024,August,7,4,YouTube Revenue,11,221.44,2435.84,0,2435.84
597,5064e358-53f5-49f2-8214-99a173497888,8/22/2024,August,5,1,Online Store,6,379.04,2274.24,290.24,2564.48
598,48d211b1-8332-4d40-8d1c-38784833257e,11/26/2024,November,6,2,Studio Services,7,508.25,3557.75,278.49,3836.24
599,431a3c70-6424-400d-a629-1844f7df0c2f,5/25/2024,May,1,2,Online Store,4,660.98,2643.92,159.63,2803.55
600,0cce074d-aede-4279-9e6c-30b40163b45b,8/26/2024,August,5,1,Online Store,13,465.07,6045.91,426.43,6472.34
601,8bb6a1cd-2a0e-4254-831b-53af9dec7ca0,3/16/2024,March,1,5,Studio Services,10,505.06,5050.6,246.03,5296.63
602,f2ddc5b3-69ea-4d14-8b34-8970d137ee5c,1/9/2024,January,3,5,Retail Store,7,383.68,2685.76,0,2685.76
603,4017afd1-a162-4643-a79f-0628d55795b1,3/14/2024,March,3,1,Studio Services,12,197.66,2371.92,549.77,2921.69
604,77187210-c6e9-4da2-b028-f6a9f0590129,9/9/2024,September,3,5,Retail Store,11,130.69,1437.59,0,1437.59
605,4cb2f821-692e-460f-a36c-db3bbb1b8ecf,8/17/2024,August,5,1,Online Store,4,427.1,1708.4,543.77,2252.17
606,3a157af0-8f7e-40f7-a7a2-8fed940f8477,1/7/2024,January,1,1,Retail Store,10,516.93,5169.3,0,5169.3
607,c9c74d7f-e603-4f63-b044-09ccf0aa2e3a,6/22/2024,June,1,2,YouTube Revenue,11,412.28,4535.08,0,4535.08
608,0f050207-4247-4231-9844-7997e2288c62,5/20/2024,May,3,1,Online Store,11,138.13,1519.43,526,2045.43
609,4aea533b-f178-41fc-9e76-9c4379b3d8da,6/16/2024,June,7,2,YouTube Revenue,7,540.28,3781.96,0,3781.96
610,59664012-5133-41a9-a155-f0225a034395,6/18/2024,June,3,5,Retail Store,15,825.86,12387.9,0,12387.9
611,3e134543-3544-4140-9c10-c157ed1d128d,10/9/2024,October,4,4,Retail Store,10,477.07,4770.7,0,4770.7
612,4795853b-e91d-4d2e-8fdd-00506463a5cc,5/1/2024,May,6,3,Retail Store,12,384.09,4609.08,0,4609.08
613,c2b79a56-1799-4266-844d-c62494405c5a,7/12/2024,July,3,1,Retail Store,13,487.9,6342.7,0,6342.7
614,99a1319b-1ae5-453b-b991-af39787e887b,1/5/2024,January,3,3,Studio Services,9,279.12,2512.08,181.75,2693.83
615,0fd701a2-6c6f-421d-b5ea-319ea7518264,1/29/2024,January,7,1,Retail Store,9,266.22,2395.98,0,2395.98
616,aec02712-d727-40c9-b15e-2d4e36acfdbf,6/13/2024,June,4,5,YouTube Revenue,4,590.28,2361.12,0,2361.12
617,297f1a27-81fd-4467-ac11-1c98dd56457e,12/4/2024,December,5,4,YouTube Revenue,14,698.06,9772.84,0,9772.84
618,6ac81caa-655a-4a84-8dee-7283ed023fec,5/15/2024,May,5,1,Retail Store,12,470.58,5646.96,0,5646.96
619,c26918bb-8232-4256-a30e-2b3777ec1b16,12/30/2024,December,4,5,Online Store,7,105.25,736.75,698.92,1435.67
620,858e7abb-f36c-4cab-868c-5b9e1389349b,11/16/2024,November,6,2,Retail Store,13,570.67,7418.71,0,7418.71
621,9a5a4645-9564-461a-8c44-6c191d6edee1,12/7/2024,December,3,4,Retail Store,16,913.48,14615.68,0,14615.68
622,1ce4d7e5-47d7-4f80-b719-6e7374206f5b,5/24/2024,May,6,3,Retail Store,11,451.22,4963.42,0,4963.42
623,199c1e4e-d684-458d-ac3b-e4e679f3b147,11/22/2024,November,4,1,Online Store,16,464.43,7430.88,145.02,7575.9
624,932fa1b0-7f62-43d2-bc7d-13673cad373c,8/4/2024,August,3,3,Online Store,12,325.47,3905.64,445.1,4350.74
625,c3ce0fd7-6a12-4302-8b33-47d35beea72f,10/27/2024,October,2,1,Online Store,17,596.27,10136.59,642.72,10779.31
626,86a1372e-a4ea-48fb-9267-0a5e68da16c4,5/11/2024,May,4,2,Online Store,14,365.8,5121.2,494.19,5615.39
627,5cb08dca-45fd-4c0d-b738-64c9127238da,10/18/2024,October,6,4,Retail Store,3,704.3,2112.9,0,2112.9
628,df0aafcb-e879-4ab0-b74a-1c43084794f5,3/10/2024,March,1,2,Online Store,4,368.48,1473.92,886.86,2360.78
629,c8fc39a8-bc0f-4aab-bd36-eca56d81e9ce,9/8/2024,September,4,4,YouTube Revenue,5,568.36,2841.8,0,2841.8
630,2ff2d387-f6f6-48a1-a62e-368d59245d5f,10/1/2024,October,5,1,Retail Store,5,490.73,2453.65,0,2453.65
631,893556f1-3021-4790-aefb-bfd47ea39b88,12/29/2024,December,5,2,Retail Store,6,811.02,4866.12,0,4866.12
632,25d43227-cb33-4f16-9272-c753a36eba94,6/30/2024,June,5,2,YouTube Revenue,13,581.9,7564.7,0,7564.7
633,3e44f9bc-e9f1-4c53-9bf2-d7d1f00fd19f,6/15/2024,June,6,1,Retail Store,15,777.4,11661,0,11661
634,3d219f92-c5fa-4aa6-a7b4-18d23c8b4b71,3/31/2024,March,2,4,Online Store,7,521.72,3652.04,321.17,3973.21
635,355298df-cabb-4ac3-a735-56e90af3c2e3,7/20/2024,July,4,1,Retail Store,8,465.85,3726.8,0,3726.8
636,64f93999-ea2d-4d99-9377-a25997a7f1a3,12/11/2024,December,4,3,Retail Store,13,492.36,6400.68,0,6400.68
637,d23aaea8-30a4-4567-b67a-5e6b227791eb,1/19/2024,January,5,2,Retail Store,12,345.72,4148.64,0,4148.64
638,6211b4ea-9b4b-43f3-ab93-930d15b7ed91,2/8/2024,February,4,3,Retail Store,12,606.33,7275.96,0,7275.96
639,9d92067a-4132-420b-9870-9077159491e3,5/5/2024,May,5,1,Online Store,6,361.93,2171.58,24.94,2196.52
640,e1721c4e-0b0e-4075-9ce3-574c90041841,6/21/2024,June,4,3,Online Store,7,522.49,3657.43,400.9,4058.33
641,10897e32-9a8e-401d-812f-3a56ce7e263a,5/20/2024,May,5,5,YouTube Revenue,14,671.04,9394.56,0,9394.56
642,f968c589-6e50-466f-bfae-33cd8f3bed48,8/29/2024,August,7,4,Studio Services,12,816.71,9800.52,383.28,10183.8
643,75574017-9fdb-43aa-a3ee-0d04db5b4efb,8/7/2024,August,5,5,Online Store,14,532.57,7455.98,491.06,7947.04
644,563cb541-0943-4432-84e7-4066b808a8a4,5/5/2024,May,1,5,YouTube Revenue,12,672.24,8066.88,0,8066.88
645,d54a6a6e-5c47-4f5f-a548-da72cddc22fb,2/27/2024,February,4,2,Retail Store,6,648.38,3890.28,0,3890.28
646,a9ee61a8-3133-4dec-959c-ccd5c61447d2,5/27/2024,May,7,5,Online Store,11,423.52,4658.72,307.81,4966.53
647,7abd1204-0472-48c9-a6a9-daca8262c7f4,11/12/2024,November,3,3,YouTube Revenue,6,921.56,5529.36,0,5529.36
648,3795e640-9492-4939-8081-bd6380cf26e9,12/26/2024,December,6,3,Retail Store,10,384.75,3847.5,0,3847.5
649,3484dbc4-530d-4a6c-b7ef-b30e1c366fcb,1/1/2024,January,7,4,Online Store,8,518.2,4145.6,197.99,4343.59
650,918bbc39-04b8-494d-b08b-8bb436de2a52,12/13/2024,December,4,3,Retail Store,6,790.82,4744.92,0,4744.92
651,98701e91-115e-492b-9c39-a1deab366dab,7/8/2024,July,4,5,Online Store,8,785.89,6287.12,256.93,6544.05
652,231c409d-df87-4bee-9b7f-a5b7f07b4622,7/9/2024,July,4,1,Studio Services,7,502.86,3520.02,420.73,3940.75
653,446be6d3-eb66-4412-90a7-43502b1351fd,11/7/2024,November,3,1,Studio Services,13,698.08,9075.04,456.91,9531.95
654,c7c89fae-c789-483c-898e-c269ea0ec977,4/26/2024,April,5,1,YouTube Revenue,12,455.21,5462.52,0,5462.52
655,c601f31c-714a-4918-aa99-1c61ba574a87,5/13/2024,May,2,1,YouTube Revenue,10,402.26,4022.6,0,4022.6
656,226c1f64-a636-484d-b05a-94dfd923e878,2/27/2024,February,3,3,Online Store,10,257.44,2574.4,290.6,2865
657,4759f4bf-e3d2-4cd7-bdf0-b3a4e5cad345,2/13/2024,February,3,2,Online Store,13,644.78,8382.14,449.59,8831.73
658,1d6f9082-01f8-4136-b593-427e87084bae,6/21/2024,June,7,5,Retail Store,9,665.84,5992.56,0,5992.56
659,8be5c2eb-3955-44e7-a72b-027804103291,6/8/2024,June,6,2,Online Store,9,386.42,3477.78,187.35,3665.13
660,c9115dfc-ea6e-4240-9b58-9d46b6e5a645,6/21/2024,June,1,4,Online Store,13,553.62,7197.06,550.41,7747.47
661,fee374b0-9f2b-45a2-9f7b-0807c5ee592a,11/12/2024,November,5,2,Studio Services,12,1030.2,12362.4,758.92,13121.32
662,63a933d7-e0ce-4571-99d6-69481cfc75a7,10/29/2024,October,2,3,Online Store,4,729.34,2917.36,0,2917.36
663,ded3c237-f910-4a21-b2c2-3202971902ce,5/28/2024,May,2,5,Online Store,7,319.7,2237.9,241.78,2479.68
664,c0b1fccd-0a1d-46fb-b479-506bad9f7136,3/20/2024,March,4,5,Online Store,14,700.31,9804.34,0,9804.34
665,dc2a13b3-2203-4c38-9036-a17013d5d01a,7/31/2024,July,7,1,Online Store,12,320.63,3847.56,264.6,4112.16
666,2e8db688-6f28-4593-9687-2791c86f347c,7/21/2024,July,5,5,YouTube Revenue,14,50,700,0,700
667,76c876fa-e765-40e8-8b6d-9bade1051a44,9/8/2024,September,7,4,Retail Store,9,495.92,4463.28,0,4463.28
668,3e665429-0a53-478d-b197-109ef7d92b64,8/16/2024,August,4,2,Online Store,12,812.64,9751.68,175.25,9926.93
669,61110c4a-06d2-40ed-ad66-47671cb9faf3,6/12/2024,June,3,1,YouTube Revenue,8,779.49,6235.92,0,6235.92
670,14f29e9f-bf7a-43f9-acf3-39283faaac87,8/14/2024,August,3,5,Online Store,5,575.45,2877.25,375.23,3252.48
671,9a87b345-3ac1-486c-8a8a-6dcef8d39201,5/26/2024,May,2,2,Retail Store,7,391.65,2741.55,0,2741.55
672,fa420c62-d495-44cb-837e-037aa401173d,1/20/2024,January,4,1,Online Store,13,597.29,7764.77,117.85,7882.62
673,321c881c-3def-44aa-9af8-ef5073362c7f,2/16/2024,February,4,5,YouTube Revenue,9,446.17,4015.53,0,4015.53
674,c770b271-e2b2-4f17-a3a0-facbc08853bc,8/20/2024,August,5,4,Retail Store,14,397.27,5561.78,0,5561.78
675,5b3da92d-199a-43e8-9067-775e816f9941,10/31/2024,October,4,5,YouTube Revenue,5,712.4,3562,0,3562
676,20380a1e-632c-495e-bb9a-c2555b71b401,1/14/2024,January,5,1,YouTube Revenue,10,394.79,3947.9,0,3947.9
677,cd372c41-8aa7-4d41-b063-dbb20810db17,5/22/2024,May,4,5,Online Store,9,725.45,6529.05,431.42,6960.47
678,6cd466cc-1a19-49b8-886d-9af911757162,1/1/2024,January,3,4,Studio Services,11,381.56,4197.16,335.33,4532.49
679,1ab0d786-a216-4f9c-93be-19392d970d1c,2/23/2024,February,3,3,YouTube Revenue,7,911.7,6381.9,0,6381.9
680,6f4d1d0e-178f-4ba4-88d2-372c4c955298,9/15/2024,September,6,1,YouTube Revenue,12,171.87,2062.44,0,2062.44
681,cba700f3-cab4-45e0-b197-91ddafc62416,5/23/2024,May,5,5,YouTube Revenue,10,308.65,3086.5,0,3086.5
682,1895a689-4709-4b1a-88d6-cbaa7856ebab,1/12/2024,January,6,5,Retail Store,9,468.93,4220.37,0,4220.37
683,ad077da9-b3f0-4582-9b53-6f154e331773,11/25/2024,November,2,3,Retail Store,9,103.19,928.71,0,928.71
684,a4791a6b-b9f9-433e-9961-073afa19d0d1,8/11/2024,August,2,2,Online Store,16,50,800,288.58,1088.58
685,6d9e6d20-d748-40df-836b-766da935fb5d,9/28/2024,September,1,1,Retail Store,11,104.92,1154.12,0,1154.12
686,742e23ff-25ec-4c79-887c-6ecda62ec10c,12/23/2024,December,5,4,Online Store,9,441.58,3974.22,1515.67,5489.89
687,0745e38e-b2f8-4b15-b316-cb8e58405942,6/4/2024,June,3,1,Studio Services,8,446.66,3573.28,672.29,4245.57
688,bfb597e9-d142-4c4c-9a37-9e9224238ad5,1/8/2024,January,3,5,YouTube Revenue,6,566.6,3399.6,0,3399.6
689,8bac5076-653e-4fcc-9501-db14ef1014e3,5/1/2024,May,2,1,Online Store,11,460.6,5066.6,373.51,5440.11
690,af9b4ba6-0bec-46e7-926e-502770b0e291,12/13/2024,December,5,5,Studio Services,15,559.9,8398.5,1118.8,9517.3
691,1d46b887-d5b1-49e7-8afd-bdc9f2b16f54,6/12/2024,June,5,5,YouTube Revenue,9,409.96,3689.64,0,3689.64
692,e5b5245a-c2ae-49b2-b135-f8abb8983d21,3/30/2024,March,1,5,Online Store,10,642.96,6429.6,283.1,6712.7
693,c88b778b-9aa1-4266-9461-27e4bd576a1a,5/15/2024,May,4,1,Retail Store,8,618.86,4950.88,0,4950.88
694,39179f10-1f36-4b50-b50c-f5a0a05240e6,7/4/2024,July,2,3,Online Store,5,434.66,2173.3,116.49,2289.79
695,f599949e-6766-403e-afd9-e5b625edc41c,11/11/2024,November,4,1,YouTube Revenue,10,606.6,6066,0,6066
696,35aa883b-7670-4820-b61f-cdf3c08ae87a,6/26/2024,June,6,2,Online Store,8,461.87,3694.96,486.09,4181.05
697,43e7e90e-808f-419e-8fc0-30b25e7263fe,1/28/2024,January,5,4,Online Store,5,195.53,977.65,385.23,1362.88
698,941dc703-299a-4904-902a-1b85462fe4dd,8/7/2024,August,4,5,Retail Store,10,680.9,6809,0,6809
699,2dc4381a-4fc6-40da-87ad-fa302ff6c610,12/22/2024,December,3,5,YouTube Revenue,12,318.64,3823.68,0,3823.68
700,38a81899-f7d6-43dd-8cd9-4e120da0bd4d,2/10/2024,February,1,5,YouTube Revenue,15,678.76,10181.4,0,10181.4
701,c0d7fd16-3635-43a2-849d-2e856ad2856f,8/15/2024,August,5,1,YouTube Revenue,6,564.81,3388.86,0,3388.86
702,b8f42523-11c2-4796-ad39-8b709291c330,7/10/2024,July,2,5,Studio Services,11,483.1,5314.1,114.67,5428.77
703,95841bde-8f5b-44c0-ad05-4603d63f3fba,5/24/2024,May,2,2,YouTube Revenue,11,124.6,1370.6,0,1370.6
704,4309aa7f-d15b-4139-91b0-0259d830c36f,7/19/2024,July,3,3,Studio Services,9,807.95,7271.55,64.52,7336.07
705,97a3bc65-e198-4649-9082-54fb13b6390d,7/30/2024,July,2,1,Studio Services,6,427.38,2564.28,183.23,2747.51
706,ff998a44-9fe5-4bff-b408-67af364f9765,8/7/2024,August,4,2,YouTube Revenue,9,626.91,5642.19,0,5642.19
707,43685484-9608-441b-b5a7-b4abbb9aa33b,8/27/2024,August,7,5,Online Store,14,477.21,6680.94,228.79,6909.73
708,31db8914-7f05-478a-a3ad-d1efdfb3f416,2/15/2024,February,6,2,Retail Store,9,445.71,4011.39,0,4011.39
709,4820a7df-72d7-4a3e-8687-82fc79c6ede1,2/4/2024,February,4,3,Online Store,13,538.56,7001.28,226.36,7227.64
710,80bc7f06-e0a5-43e1-9b7d-4186b3aa9d13,9/9/2024,September,1,3,Online Store,4,505.31,2021.24,383.71,2404.95
711,a04e138b-8022-4537-b1f4-a654e345d660,3/22/2024,March,3,1,Retail Store,9,446.6,4019.4,0,4019.4
712,dd24c58e-8840-4293-a030-fcf18de157b0,9/12/2024,September,4,1,Retail Store,10,488.94,4889.4,0,4889.4
713,07136f4e-80a8-4bff-9979-ced6ffd18e41,7/15/2024,July,5,4,Studio Services,7,585.41,4097.87,465.07,4562.94
714,a49e78ee-e1b4-46e8-8f8c-ee7e15456f8a,10/29/2024,October,1,1,Studio Services,13,599.56,7794.28,510.91,8305.19
715,ded3da6e-b6f7-4409-b3d3-b8ea8c8c1c45,1/10/2024,January,5,4,YouTube Revenue,7,508.67,3560.69,0,3560.69
716,723ae12b-99d4-4ba4-9feb-d362a8b8966b,11/7/2024,November,5,5,Online Store,4,624.19,2496.76,726.92,3223.68
717,aecae554-6d6b-43e4-92cd-f94106ec5d30,10/12/2024,October,5,1,Retail Store,10,415.19,4151.9,0,4151.9
718,6cd40ea3-2943-4519-bd43-ae68a0ee2a6a,8/29/2024,August,3,1,Retail Store,17,944.98,16064.66,0,16064.66
719,9e79e044-910c-45cf-afa2-a5588b88b358,9/7/2024,September,5,1,Retail Store,9,797.12,7174.08,0,7174.08
720,25cf7271-c741-4cec-b329-cf1106a17ae2,12/30/2024,December,5,4,Retail Store,13,652.49,8482.37,0,8482.37
721,1428b378-1059-4dd5-abd0-184152166a9a,1/5/2024,January,5,5,Retail Store,12,111.68,1340.16,0,1340.16
722,dc30adbc-a962-48c7-9de3-6f1e787fdf3c,4/28/2024,April,5,5,Studio Services,12,621.2,7454.4,0,7454.4
723,2c6be40c-74c0-4495-8d5c-3e863e5d61eb,10/15/2024,October,3,5,YouTube Revenue,10,432.67,4326.7,0,4326.7
724,4b0d2b13-de7b-4239-94f7-0666b7ac4d23,3/5/2024,March,6,1,Retail Store,8,304.26,2434.08,0,2434.08
725,31ae7fe4-6eac-4285-9830-b63d291381c2,5/25/2024,May,2,5,Retail Store,12,427.58,5130.96,0,5130.96
726,a552ba2c-c5f6-4682-a9ca-9416e8dbf992,8/11/2024,August,4,1,Online Store,7,326.43,2285.01,7.91,2292.92
727,59d07009-50d9-45bc-8408-70145aed4757,8/26/2024,August,6,2,Retail Store,10,601.36,6013.6,0,6013.6
728,9cb8a7f8-9674-42f2-a317-1b016346331a,6/25/2024,June,5,5,Studio Services,11,823.2,9055.2,156.64,9211.84
729,b4fadac8-0cfc-41ed-a5d7-d331f0699f75,9/23/2024,September,2,5,Online Store,11,665.21,7317.31,217.41,7534.72
730,9834a26c-b8d9-4e3e-bede-9e33169dd078,12/6/2024,December,1,5,Online Store,14,1052.51,14735.14,1353.51,16088.65
731,7c9e12db-45da-48ca-9f22-3f82abd11bcc,10/8/2024,October,3,5,Retail Store,9,189.28,1703.52,0,1703.52
732,ead6145f-4b66-48e5-9206-6be22a1b6155,3/3/2024,March,5,4,Retail Store,10,398.79,3987.9,0,3987.9
733,c1911411-fd82-4da7-8093-cc57c3df582d,8/4/2024,August,4,5,Online Store,10,311.39,3113.9,118.16,3232.06
734,ef742616-b15b-449d-9b63-01371656d98b,12/7/2024,December,2,1,YouTube Revenue,9,745.87,6712.83,0,6712.83
735,c3fe64cd-256c-4521-a11b-a75839547904,11/10/2024,November,4,3,Online Store,12,455.89,5470.68,770.09,6240.77
736,10a3ed72-8ed0-4e76-b782-5e22f4ddf452,10/9/2024,October,5,1,Retail Store,12,537.9,6454.8,0,6454.8
737,02684096-5ea2-4c29-afee-a2ce4fbaffbf,6/25/2024,June,5,1,Online Store,13,626.74,8147.62,158.68,8306.3
738,4fa6b00b-8793-49b4-83d7-d73aab5b759f,4/7/2024,April,5,4,Online Store,4,209.04,836.16,139.73,975.89
739,116e4a66-c18b-40af-b844-b0ce4e7046d2,4/14/2024,April,1,2,Studio Services,8,375.73,3005.84,153.67,3159.51
740,8a2cb91a-c0d6-40fa-818b-b740eaf0bbfb,4/8/2024,April,6,4,Retail Store,11,699.45,7693.95,0,7693.95
741,ec76c0f3-ad2a-496b-9cba-97890b6577ca,11/6/2024,November,5,5,Retail Store,13,390.38,5074.94,0,5074.94
742,a5779c06-b81b-4615-9a4b-2e4fc63c04a0,1/6/2024,January,5,5,Online Store,12,157.27,1887.24,588.74,2475.98
743,202c2bc4-b15e-4fe3-a78c-2f260b8e6d6e,7/15/2024,July,6,1,Online Store,17,319.55,5432.35,154.67,5587.02
744,059f8d32-c8e6-4cb3-a371-f3a88d1640d4,12/16/2024,December,5,1,Online Store,7,442.75,3099.25,1273.13,4372.38
745,ee020685-149d-42c9-97f0-1f1b5ab9b9f8,5/12/2024,May,5,2,Online Store,13,533.35,6933.55,22.78,6956.33
746,b2a03e81-ba64-40c5-a99f-364b29717bb5,12/23/2024,December,1,5,Online Store,11,485.84,5344.24,1666.22,7010.46
747,9ce9cf41-1e9c-416d-b343-72e7d9c8f431,9/15/2024,September,5,2,Studio Services,10,377.16,3771.6,423.3,4194.9
748,fbc373c3-29fd-487b-a723-755766649aae,1/23/2024,January,6,2,Online Store,7,687.86,4815.02,291.1,5106.12
749,21c21a40-711b-4bcd-adf4-909181b55f53,2/22/2024,February,1,1,Studio Services,13,474.19,6164.47,374.49,6538.96
750,2f78157d-23c8-4b98-b23b-6e0590ad608c,6/13/2024,June,2,5,Online Store,15,541.88,8128.2,394.32,8522.52
751,c3ac5074-7978-42ac-a0f5-0e2c65c8ead3,7/20/2024,July,5,3,Studio Services,8,387.81,3102.48,445.63,3548.11
752,02edab07-684b-4656-b69d-71762a4acf6e,3/23/2024,March,5,1,YouTube Revenue,16,801.79,12828.64,0,12828.64
753,5ca7a472-feb0-411d-8856-a5a70ba92a45,5/24/2024,May,7,2,Retail Store,15,421.67,6325.05,0,6325.05
754,5b740f67-bdb0-4350-b185-ea1a68116919,3/25/2024,March,1,5,Studio Services,14,514.94,7209.16,384.32,7593.48
755,35bf3a43-ea6f-4344-8d34-e0e4c8d80197,3/18/2024,March,7,1,Retail Store,7,707,4949,0,4949
756,3c28c802-0ff9-4a63-89c5-8174f2cab53e,12/31/2024,December,5,3,Studio Services,7,556.01,3892.07,544.9,4436.97
757,96e7732a-1ad3-4997-9299-466c664b680b,1/1/2024,January,7,4,Online Store,12,551.02,6612.24,257.38,6869.62
758,bfa3210e-958a-45c3-9b8e-cfb24697c3d0,2/20/2024,February,1,1,Retail Store,10,105.27,1052.7,0,1052.7
759,68d33617-6860-4bec-b90a-4b207b82bdb0,6/21/2024,June,3,2,Online Store,8,636.13,5089.04,423.2,5512.24
760,349add48-0b6f-4e0f-b029-e910a6dccc2d,7/23/2024,July,1,1,Studio Services,10,511.12,5111.2,288,5399.2
761,3a14bedf-1dfb-4905-93f8-bbfa51062b84,9/16/2024,September,7,2,Retail Store,5,608.31,3041.55,0,3041.55
762,8896b5db-a333-4372-b628-b7783d75d88d,10/14/2024,October,6,2,Online Store,9,536.64,4829.76,585.74,5415.5
763,67092322-30a1-478d-ae14-1c327898c66c,2/3/2024,February,3,5,YouTube Revenue,14,388.17,5434.38,0,5434.38
764,9938fe26-830c-40b7-a483-61e9f9711c94,12/13/2024,December,2,5,YouTube Revenue,5,678.86,3394.3,0,3394.3
765,9ad5cfa6-dc81-478b-9c7c-044c77d629d7,4/4/2024,April,5,2,Online Store,6,539.63,3237.78,685.35,3923.13
766,b65e780b-6a5b-44a4-a2e7-ed80eed58c5a,3/12/2024,March,3,5,Retail Store,9,242.12,2179.08,0,2179.08
767,ea74ea0f-ecd9-45f5-9eae-cb627186c998,2/8/2024,February,2,2,Retail Store,7,761.7,5331.9,0,5331.9
768,e59b218b-a14e-496d-b41b-3e84cbe48d8a,6/2/2024,June,1,1,Online Store,6,213.9,1283.4,260.94,1544.34
769,a6d01f7a-132e-4af8-810b-1e48c97368fa,9/6/2024,September,1,4,Online Store,10,680.19,6801.9,0,6801.9
770,15640313-f5a7-44da-aaa2-083c181bae29,6/10/2024,June,7,2,Studio Services,9,797.39,7176.51,209.36,7385.87
771,cce77155-38a0-4b0a-a560-62de285d05b1,4/27/2024,April,5,4,Retail Store,7,278.74,1951.18,0,1951.18
772,4ed3be24-345e-4b55-aef4-d88975e8f5a8,9/15/2024,September,5,1,Online Store,10,475.45,4754.5,715.99,5470.49
773,1d43a5c4-0496-4df5-bd91-d9f0e049cf0d,11/1/2024,November,5,3,Retail Store,7,456.81,3197.67,0,3197.67
774,a9aee745-343d-41ac-b712-f013ce9682ab,9/24/2024,September,6,3,Retail Store,15,465.81,6987.15,0,6987.15
775,b9c7cefe-2a65-4616-9f29-a0274fe60372,2/23/2024,February,7,5,Online Store,13,866.05,11258.65,361.21,11619.86
776,4347be8f-3718-43f0-8929-1ab79be3a016,8/23/2024,August,1,5,Online Store,10,281.06,2810.6,154.07,2964.67
777,82d5860a-8281-4a42-a8b3-967154198159,8/9/2024,August,4,1,Online Store,5,438.69,2193.45,287.6,2481.05
778,82e78f8e-c25f-4b8b-898a-b492b469fb35,9/7/2024,September,1,2,Studio Services,7,800.66,5604.62,492.1,6096.72
779,ae5cfc20-d3e4-4a1d-9811-ed8dc97cfdcd,11/8/2024,November,1,5,Online Store,10,435.41,4354.1,339.11,4693.21
780,3dce4251-359f-4945-9993-d144866c8e76,4/21/2024,April,2,1,Studio Services,8,312.84,2502.72,870.62,3373.34
781,ac1f4f31-5069-4b58-86b1-b148f63434d0,9/11/2024,September,1,3,Studio Services,6,552.6,3315.6,454.1,3769.7
782,f229f08d-1e18-4b83-aaee-ae7c7fe82168,10/29/2024,October,2,5,Online Store,8,661.13,5289.04,136.02,5425.06
783,935f8749-1659-421d-996e-4b9d2b1dc9e0,7/25/2024,July,5,1,YouTube Revenue,12,421.43,5057.16,0,5057.16
784,225026c1-36e7-4780-ab9c-7abaed9ecbb0,8/16/2024,August,3,4,Online Store,10,610.87,6108.7,378.45,6487.15
785,d03b2223-58a1-46f5-887c-02ed839bd79f,12/6/2024,December,2,4,Retail Store,6,224.68,1348.08,0,1348.08
786,ef6c2414-177a-479c-b995-2670c29c79a9,3/6/2024,March,3,5,YouTube Revenue,6,235.79,1414.74,0,1414.74
787,269f4078-2c14-4d73-98f7-3ff922dc86cf,3/15/2024,March,3,1,Retail Store,13,411.98,5355.74,0,5355.74
788,fb93c6f9-5e3a-435b-98b5-25fc5d5dca73,4/12/2024,April,3,2,Online Store,9,618,5562,377.12,5939.12
789,7bc93588-3dd5-43c9-a0c7-d8da3e564120,7/10/2024,July,2,5,YouTube Revenue,7,652.3,4566.1,0,4566.1
790,dcc23ec1-78c2-43e1-855e-4735658b5d07,9/8/2024,September,4,5,Retail Store,13,263.6,3426.8,0,3426.8
791,e877b7e9-288a-48a5-9cbd-42920a7536a9,8/13/2024,August,3,5,Retail Store,4,644.88,2579.52,0,2579.52
792,1f095f9c-8774-4935-b13e-f73cc7314490,10/20/2024,October,4,5,Studio Services,10,533.3,5333,357.01,5690.01
793,00ee2514-04c2-49b0-9d46-9afdc09dea16,11/1/2024,November,4,3,Online Store,13,324.16,4214.08,214.73,4428.81
794,4c57f2d6-0b9c-4815-bdaf-063a523ad446,4/7/2024,April,5,5,Retail Store,7,233.16,1632.12,0,1632.12
795,3ee7819e-6aa2-4c45-9544-a8ab7497811f,12/3/2024,December,3,3,Online Store,9,545.96,4913.64,1240.98,6154.62
796,54f902a2-c184-4d9c-b776-3c822837fca1,10/12/2024,October,5,4,Online Store,10,757.91,7579.1,364.27,7943.37
797,4f3ba01e-27e1-4e28-affb-18a7a4831e4c,11/30/2024,November,3,5,Online Store,15,507.1,7606.5,772.34,8378.84
798,9b8d53d3-e794-4b22-ac5c-1b0b19397c33,12/12/2024,December,7,2,Studio Services,3,313.02,939.06,602.47,1541.53
799,bd4cff44-b50e-4639-82d4-02c19bce8458,11/3/2024,November,4,4,Online Store,6,126.4,758.4,330.42,1088.82
800,4bc918a5-e3f4-4f9c-9b88-a3ae8f3af064,9/5/2024,September,4,5,Retail Store,12,805.9,9670.8,0,9670.8
801,5669616e-cbad-4c20-bd06-cc6c037a3773,6/14/2024,June,1,5,YouTube Revenue,7,708.37,4958.59,0,4958.59
802,f16eb24d-060b-4dae-9613-f7f37b780c60,11/30/2024,November,7,3,Studio Services,10,560.42,5604.2,303.68,5907.88
803,d55340fa-2003-41f5-9ffa-f80808fbafa2,1/30/2024,January,1,3,Retail Store,9,795.6,7160.4,0,7160.4
804,68949cf1-53a7-4549-8652-84103671e5ca,9/3/2024,September,7,2,Retail Store,10,544.78,5447.8,0,5447.8
805,45ecf1be-ec90-4425-a9af-2bb19253b231,4/15/2024,April,5,5,Retail Store,11,393.79,4331.69,0,4331.69
806,beef112f-e3f1-4221-a40d-1a793ffbf710,2/20/2024,February,5,4,Online Store,14,611.03,8554.42,371.29,8925.71
807,156246e7-ed63-48fd-94c0-ade4f8a45683,3/21/2024,March,4,1,Online Store,9,334.05,3006.45,355.07,3361.52
808,0d4d0773-f5e3-4803-8350-4be1237d6233,5/12/2024,May,5,1,Online Store,13,300.87,3911.31,307.35,4218.66
809,21bcf173-abdf-4fa6-8e02-606134d54b51,10/11/2024,October,4,3,Studio Services,6,654.32,3925.92,275.58,4201.5
810,447901c3-ef6c-4aae-bd1b-6098bc61e02f,5/17/2024,May,2,1,YouTube Revenue,8,671.15,5369.2,0,5369.2
811,496017a8-c5e6-49c4-967a-86ce1ea85372,7/2/2024,July,4,1,Retail Store,8,245.25,1962,0,1962
812,355f0949-767b-49c4-b85b-6a60ff9b886b,11/25/2024,November,6,5,Retail Store,18,252.64,4547.52,0,4547.52
813,8f43ab36-3ea4-4255-b0d8-df7a0bb436cd,9/29/2024,September,6,1,Online Store,12,410.99,4931.88,442.42,5374.3
814,fcb2b1d3-484b-4e64-95b0-a7a24811468a,12/5/2024,December,4,1,Retail Store,8,357.74,2861.92,0,2861.92
815,b778e339-cfba-4cc8-adf1-7f4d3fed3ff3,3/9/2024,March,7,4,Online Store,11,595.3,6548.3,0,6548.3
816,fe3a0f35-a075-4fe2-8e89-dafbe927a3aa,2/3/2024,February,4,1,Studio Services,10,509.61,5096.1,344.47,5440.57
817,415c32de-2f71-4e36-8b7a-ef3e1f3a0178,9/18/2024,September,1,2,Retail Store,12,732.98,8795.76,0,8795.76
818,5df11328-65df-41f3-9156-e40fc4032193,2/22/2024,February,5,2,Online Store,9,563.45,5071.05,611.64,5682.69
819,f4d17c16-e3b0-405a-b905-53c47c204b6a,7/23/2024,July,1,4,YouTube Revenue,8,371.08,2968.64,0,2968.64
820,d65531a3-76d4-4c2c-bb8a-aa79c1b02968,5/5/2024,May,6,1,Online Store,4,121.77,487.08,609.57,1096.65
821,8a38ac5f-a881-4c54-bd26-2428dcba8d50,8/22/2024,August,2,4,Retail Store,11,535.89,5894.79,0,5894.79
822,a9d9f892-e6e1-46fe-bd33-548b1ab398e7,2/12/2024,February,5,5,Online Store,12,157.93,1895.16,189,2084.16
823,4c166935-6f20-4bf0-9b60-857bdb3672cf,8/27/2024,August,4,3,Retail Store,9,368.61,3317.49,0,3317.49
824,5930d7d8-3d76-4b5e-924c-8c9c6f1cb0fa,4/20/2024,April,5,3,Studio Services,8,355.65,2845.2,648.38,3493.58
825,c9809579-d652-46fe-97b3-583e2f7723c0,9/5/2024,September,5,2,Retail Store,15,398.31,5974.65,0,5974.65
826,075a87ea-096b-4185-a5d7-25dcb1687b13,5/30/2024,May,3,5,Online Store,11,236.79,2604.69,413.12,3017.81
827,7442a0e8-df29-473b-adf2-1ca1cfe39293,7/1/2024,July,4,2,Online Store,11,354.94,3904.34,564.49,4468.83
828,e9103306-b73a-4a5b-8e3c-ba939de9e927,12/1/2024,December,6,5,Studio Services,7,729.18,5104.26,0,5104.26
829,93ff52e6-4799-4afb-800f-ffe9a15c235d,4/4/2024,April,1,2,Retail Store,14,728.63,10200.82,0,10200.82
830,35cf2470-a365-4792-923b-ef43c6b643a1,1/8/2024,January,4,4,Retail Store,10,806.5,8065,0,8065
831,9bcc271f-b26a-46c5-a1ae-d2c6dce8228e,12/25/2024,December,3,1,Retail Store,16,502.03,8032.48,0,8032.48
832,ea85b406-add7-4ef2-beee-46bef7a515d4,7/2/2024,July,5,4,Retail Store,7,554.24,3879.68,0,3879.68
833,36e64eb9-78c8-4ba3-8bd1-0b36a0d0839c,10/7/2024,October,6,1,Retail Store,16,732.12,11713.92,0,11713.92
834,10a1b832-4789-45e1-894d-8fe7104099f5,7/13/2024,July,2,1,Online Store,9,205.87,1852.83,500.32,2353.15
835,0b0320cc-7ec7-4093-9b4f-5f4af2aad131,12/17/2024,December,1,1,Retail Store,14,661.13,9255.82,0,9255.82
836,bb64df07-eb40-4e00-8cc0-5337136b4496,7/13/2024,July,7,5,Retail Store,11,760.47,8365.17,0,8365.17
837,30da1234-10d1-449b-806b-7b97d8ce6bcf,6/3/2024,June,4,3,YouTube Revenue,9,322.21,2899.89,0,2899.89
838,011ca16a-c4d3-491d-abdb-e4d81f0d8e28,4/2/2024,April,5,1,Retail Store,8,776.53,6212.24,0,6212.24
839,83762111-169d-4f9d-bd8f-125938fd5658,6/8/2024,June,1,1,Retail Store,20,911.54,18230.8,0,18230.8
840,8c387f51-3176-4b39-b5af-0c40950965fc,3/1/2024,March,7,4,Retail Store,9,655.57,5900.13,0,5900.13
841,e0c86f81-3fc9-4e0d-ba4a-676d0443329f,5/1/2024,May,5,2,Studio Services,10,618.9,6189,293.82,6482.82
842,05ea3b5d-3e93-4bf3-95b0-2af948b3cd7e,2/20/2024,February,5,2,Retail Store,9,276.04,2484.36,0,2484.36
843,4b480804-aea3-4088-8fc9-a7ecaa69f4a3,10/3/2024,October,7,4,Studio Services,11,713.84,7852.24,221.63,8073.87
844,c58e9214-8df9-42ea-822a-f7f21013e40f,1/5/2024,January,5,2,YouTube Revenue,9,294.88,2653.92,0,2653.92
845,f686d443-b070-480f-b76d-1a8f399532d7,4/1/2024,April,1,1,Retail Store,12,573.95,6887.4,0,6887.4
846,4968568a-3e9c-44fd-8ca9-85d15f55d860,6/18/2024,June,4,5,Studio Services,14,594.22,8319.08,161.08,8480.16
847,4cf79a03-c821-44db-b0ef-5226784ffa4a,11/12/2024,November,5,2,Retail Store,12,50,600,0,600
848,3553ab6f-bcfa-4191-aa4b-a0d9d1f97f79,1/22/2024,January,7,1,Retail Store,6,581.16,3486.96,0,3486.96
849,ffc53870-1efc-4575-bdd2-6132be337881,11/21/2024,November,2,3,YouTube Revenue,15,1024.29,15364.35,0,15364.35
850,d630bf7e-cf4f-4e5f-a449-cfd53b051295,1/1/2024,January,4,1,YouTube Revenue,6,81.63,489.78,0,489.78
851,74fb2c61-4085-491e-86fc-567ea979e42f,5/12/2024,May,5,5,Online Store,14,489.22,6849.08,77.02,6926.1
852,79491f06-b619-4000-b88f-f710fbf6763d,8/20/2024,August,5,5,Retail Store,10,110.58,1105.8,0,1105.8
853,f061a45f-83d5-4652-ab56-0ab6b441b027,1/12/2024,January,3,3,Online Store,12,321.17,3854.04,157.88,4011.92
854,3559489d-da04-4553-97e4-8b180b9a82f1,12/11/2024,December,4,3,YouTube Revenue,7,114.04,798.28,0,798.28
855,942df1f2-fd3f-4b0a-beaf-8439f24370e8,2/15/2024,February,3,3,Retail Store,7,531.91,3723.37,0,3723.37
856,569ddd20-3174-4bd3-8f5f-3fb969a3f78e,2/3/2024,February,7,1,Retail Store,19,658.72,12515.68,0,12515.68
857,5aa06286-b3d7-4dba-a7a5-105f8bbc70f2,3/18/2024,March,3,1,Retail Store,16,581.95,9311.2,0,9311.2
858,d6f08f58-fd5c-4bac-b785-d35924f7278f,8/5/2024,August,5,4,Retail Store,11,313.96,3453.56,0,3453.56
859,6a146021-1a54-4f55-9de4-5017025cc188,10/27/2024,October,2,3,Studio Services,18,378.12,6806.16,140.86,6947.02
860,8b10ac62-1247-4468-b177-8edf43a03c0d,3/13/2024,March,1,1,Online Store,10,554.45,5544.5,664.88,6209.38
861,ff3c8cd8-6b59-44cd-a538-be396def8a52,10/8/2024,October,7,2,Studio Services,7,320.22,2241.54,541.59,2783.13
862,a02e1602-fee7-4864-bd01-ffc26f07cb44,9/5/2024,September,3,1,Retail Store,11,234.24,2576.64,0,2576.64
863,40263097-ac91-4756-8be1-c4a9aa0c8d98,2/16/2024,February,5,5,YouTube Revenue,12,452.17,5426.04,0,5426.04
864,e6124ea0-8bf0-4e3b-8583-de2029b2e273,4/30/2024,April,2,1,Retail Store,13,311.06,4043.78,0,4043.78
865,588c54fb-5910-4d4f-b2ff-ff085c392d9c,8/1/2024,August,6,2,Retail Store,8,582.31,4658.48,0,4658.48
866,d1dd0058-d2e8-4a72-b0af-249ec9b8be63,8/26/2024,August,1,3,Retail Store,10,759.74,7597.4,0,7597.4
867,8b70fc60-4177-4c05-a227-4bea444cf6d0,2/25/2024,February,6,1,Retail Store,7,1019.52,7136.64,0,7136.64
868,50e9e364-a0a3-457b-a121-ed3d6f7fe7b1,12/15/2024,December,7,4,Online Store,5,567.61,2838.05,761.45,3599.5
869,56608015-ba34-4d56-adaf-4ad2fa7253e7,4/16/2024,April,7,5,Studio Services,13,629.19,8179.47,949.92,9129.39
870,9283e354-35bc-4d2d-b2fa-ca09c69e3c2c,11/14/2024,November,5,1,Online Store,8,380.14,3041.12,369.02,3410.14
871,6e8244ca-db8a-4f39-8510-31a1632b80c2,2/17/2024,February,4,1,Retail Store,16,392.52,6280.32,0,6280.32
872,fb2389ae-5f69-4be6-b546-00dfd788879f,3/1/2024,March,5,1,Retail Store,10,756.81,7568.1,0,7568.1
873,92d1176a-0a0b-4983-b290-e7cdeb3eaca6,12/2/2024,December,5,1,Retail Store,13,444.73,5781.49,0,5781.49
874,ce0cd204-524b-4950-a9cd-0d3474e0b10d,1/26/2024,January,1,3,Online Store,8,514.59,4116.72,203.67,4320.39
875,37b561e3-6b89-49db-bdcf-8378d311afc6,10/18/2024,October,4,2,YouTube Revenue,13,744.6,9679.8,0,9679.8
876,f57c3e94-0eec-4f98-ac2f-4823a3cdc85b,9/13/2024,September,4,5,Studio Services,9,446.27,4016.43,250.68,4267.11
877,416d2274-182d-4584-93b2-89545ad0437c,1/8/2024,January,5,1,Retail Store,12,800.08,9600.96,0,9600.96
878,c68a05d7-f73e-4246-896a-45e8b80c88d1,4/22/2024,April,2,1,Online Store,8,614.61,4916.88,679.59,5596.47
879,bc5fbe38-121b-4469-b38a-4e367bb32783,12/20/2024,December,5,1,Online Store,9,591.08,5319.72,1277.77,6597.49
880,0e4e0ced-9bae-4433-964b-5bf0efc74d3f,9/9/2024,September,5,5,Online Store,3,370.36,1111.08,454.03,1565.11
881,6b93ba2b-2d16-42d6-9df4-fb2088f70323,6/28/2024,June,3,2,Online Store,9,601.83,5416.47,277.66,5694.13
882,e23fbe30-de12-4068-b0e3-5c2458fd3ddf,7/25/2024,July,5,1,Online Store,9,414.19,3727.71,58.69,3786.4
883,9faac3a4-6ebf-43ed-984f-ad89598677c3,10/29/2024,October,3,2,Online Store,11,593.88,6532.68,323.33,6856.01
884,50a47203-58d4-4b6f-b452-3f92575f37a1,5/6/2024,May,5,4,Retail Store,7,479.63,3357.41,0,3357.41
885,4047a434-03a8-4fd3-ba10-24f8706c5125,2/25/2024,February,5,5,YouTube Revenue,9,693.36,6240.24,0,6240.24
886,92c55768-ea4a-43b2-ac5a-fd467ef1f994,8/1/2024,August,5,2,Retail Store,10,493.65,4936.5,0,4936.5
887,52843575-f03f-4ef2-8798-aa3a47ff1bde,1/14/2024,January,3,3,Online Store,13,907.57,11798.41,471.72,12270.13
888,3d3b72d7-d3c2-4fa0-9c4e-4d52966fb047,1/28/2024,January,6,3,Online Store,13,444.89,5783.57,401.99,6185.56
889,aa0ceaa4-34cf-49a7-9bc7-a3d52f41982c,3/18/2024,March,4,5,Online Store,15,393.09,5896.35,705.86,6602.21
890,ade6f974-2a3e-47aa-a4a7-401d311e22fb,8/3/2024,August,4,5,Studio Services,10,569.22,5692.2,192.33,5884.53
891,9a7083bc-0a1d-4d4d-8479-f7a087b0db1e,12/30/2024,December,6,1,Studio Services,6,715.57,4293.42,892.65,5186.07
892,a5182b62-4b33-45a4-a842-0e1a3af9e30f,6/2/2024,June,5,5,YouTube Revenue,7,714.02,4998.14,0,4998.14
893,9b76718c-43de-4566-810c-5c5af117b8d1,1/14/2024,January,2,1,Online Store,14,533.36,7467.04,193,7660.04
894,2df32cf9-da4e-44a9-b619-9848abc63612,7/5/2024,July,7,3,YouTube Revenue,5,567.82,2839.1,0,2839.1
895,35f46479-34b3-4316-ad87-8a6e9cbeabae,11/7/2024,November,3,1,Online Store,12,568.11,6817.32,943.71,7761.03
896,f9f7a08a-8ef9-4eb3-9ab8-107a5fa289c3,1/7/2024,January,2,4,Studio Services,8,284.43,2275.44,124.15,2399.59
897,77938875-715f-4136-9bec-b586c3335874,1/3/2024,January,1,2,Online Store,10,704.81,7048.1,388.55,7436.65
898,98585a8b-c687-487f-a81a-633073c8d423,4/20/2024,April,7,5,Studio Services,12,248.43,2981.16,341.24,3322.4
899,075eaa66-e39d-42e7-8da9-0be7dd571ae2,8/25/2024,August,5,1,Studio Services,12,284.8,3417.6,448.14,3865.74
900,26bfbec6-c538-48f2-adad-12c7b54e09f7,12/28/2024,December,3,4,YouTube Revenue,10,511.01,5110.1,0,5110.1
901,e28a31ed-9914-4af0-8f79-257404b1f2e7,8/26/2024,August,3,2,Retail Store,15,436.03,6540.45,0,6540.45
902,7dd98122-d059-49e9-b665-8ba43cbe4224,9/30/2024,September,4,2,Retail Store,10,659.23,6592.3,0,6592.3
903,7e08d780-bbed-479f-9b15-03338a50ebfd,10/20/2024,October,2,1,Studio Services,12,589.47,7073.64,502.43,7576.07
904,54e37969-6a47-4cbf-bf49-944afb16061e,8/14/2024,August,2,5,Retail Store,13,527.64,6859.32,0,6859.32
905,b314d05b-49a9-4400-b39f-814d0d3540b9,1/15/2024,January,3,1,Studio Services,7,274.89,1924.23,137.59,2061.82
906,c96ecad6-ef1b-4bd6-8cef-6d8de337c70e,7/10/2024,July,4,1,Online Store,8,505.31,4042.48,244.32,4286.8
907,c7d1e07b-bf9b-409b-8232-d2b049274bc6,4/28/2024,April,7,2,Online Store,7,489.5,3426.5,713.49,4139.99
908,1cde0729-a405-45c9-b133-ca51691312e4,1/28/2024,January,6,2,Studio Services,6,544.44,3266.64,175.13,3441.77
909,c7d3a544-4d79-4a2e-a2d0-eb639570d336,7/20/2024,July,5,3,Online Store,12,413.99,4967.88,303.98,5271.86
910,bb412a1e-c43a-4c5d-bb8d-4613956f1f8c,2/8/2024,February,3,4,Online Store,15,604.56,9068.4,207.67,9276.07
911,d722893f-c507-461c-94e4-ffc4ff66b8ac,9/29/2024,September,5,3,Online Store,9,430.69,3876.21,719.41,4595.62
912,9ba5e2ca-7909-493f-84d4-8cfe0f74088d,8/18/2024,August,3,5,Retail Store,12,585.82,7029.84,0,7029.84
913,89c5715f-3685-4fe6-b758-f8405de467bb,3/26/2024,March,6,5,YouTube Revenue,7,659.21,4614.47,0,4614.47
914,3f9224fe-5e8a-4d7f-b3a2-6db770c40d6f,5/5/2024,May,5,4,Retail Store,9,393.08,3537.72,0,3537.72
915,2d76dc0f-07dc-408b-ad71-125d9fd8a37f,10/26/2024,October,4,1,Studio Services,14,345.57,4837.98,863.46,5701.44
916,271fbec9-6fa8-40f9-b3db-3b15308cdd40,1/25/2024,January,5,4,Studio Services,12,595.27,7143.24,469.47,7612.71
917,8e592d57-1676-4796-b4d3-63796ba8aeea,5/24/2024,May,5,2,Retail Store,11,235.78,2593.58,0,2593.58
918,b5ae5402-bb35-4eec-9a0f-60c7ab72ec52,1/13/2024,January,2,1,YouTube Revenue,7,722.33,5056.31,0,5056.31
919,9384229e-0490-4a5d-bb1b-80c0dd6e91c2,7/30/2024,July,2,3,Online Store,11,502.19,5524.09,277.61,5801.7
920,71063386-e817-4be6-ba0a-cfca098dad5f,1/25/2024,January,1,4,Retail Store,12,477.05,5724.6,0,5724.6
921,718d718f-ff81-4dc4-bcd0-b36676e1a791,3/8/2024,March,4,3,Studio Services,14,609.2,8528.8,455.01,8983.81
922,9be79c48-3106-4157-b3d3-ec6661204d23,3/7/2024,March,2,4,Retail Store,12,596.79,7161.48,0,7161.48
923,e9572ba6-35a3-458e-a1e6-3910e0f58be5,8/20/2024,August,3,4,Retail Store,13,501.3,6516.9,0,6516.9
924,a4ba84da-1d81-49a3-9b82-0aeef24563fa,4/18/2024,April,5,5,Online Store,12,675.72,8108.64,266.25,8374.89
925,fa84ae0d-80f8-4d87-b3d2-3a7e9ff19845,5/25/2024,May,1,5,Online Store,12,365.52,4386.24,672.5,5058.74
926,4c5c2586-3a05-4de0-84b6-e7a614dcb58d,4/20/2024,April,3,4,Online Store,12,642.47,7709.64,779.22,8488.86
927,f6063029-00fe-4ab4-9794-efb6c9b65dd0,8/15/2024,August,7,3,YouTube Revenue,12,284.28,3411.36,0,3411.36
928,8cc10f02-5ce2-4fd3-a6f2-1e8fadc0e246,4/20/2024,April,5,1,Online Store,16,602.13,9634.08,793.63,10427.71
929,269c86c9-ff1f-4ceb-8dbc-453bbb1c204a,2/3/2024,February,4,1,Online Store,4,434.43,1737.72,255.01,1992.73
930,af645a20-896a-4bda-bce8-e7e3fa512b9f,4/20/2024,April,4,3,Retail Store,7,237.78,1664.46,0,1664.46
931,d53954bb-70a9-4963-980a-c4471f50aa25,9/20/2024,September,7,4,Retail Store,11,551.33,6064.63,0,6064.63
932,782bd404-05f9-4fdf-8ffd-071431e3dc04,8/23/2024,August,5,2,Retail Store,10,493.11,4931.1,0,4931.1
933,078596fe-82c4-48ac-94f6-74efdac996f4,3/23/2024,March,2,3,Retail Store,9,191.45,1723.05,0,1723.05
934,9263544a-8276-4da0-94b5-c62cd7741254,2/11/2024,February,1,1,Online Store,14,77.27,1081.78,0,1081.78
935,9d8e10ba-9e6e-40bc-a048-64a0f9e70106,4/10/2024,April,4,1,Retail Store,14,469.55,6573.7,0,6573.7
936,ffca38d2-c262-4fa6-8d34-a93321fbf13a,1/6/2024,January,2,4,Retail Store,8,823.65,6589.2,0,6589.2
937,42eadf24-c79c-4102-90c0-61c93f9d45be,6/28/2024,June,5,1,Retail Store,10,564.2,5642,0,5642
938,828d5659-c1e4-4775-a501-b79135dd57c0,10/8/2024,October,1,1,Studio Services,5,366.34,1831.7,33.29,1864.99
939,6c94172c-034d-4223-94f9-049efc28cd3c,11/15/2024,November,5,1,Studio Services,7,716.37,5014.59,569.02,5583.61
940,59a166ab-a702-4aad-9ecd-d3e4cf1b587b,8/13/2024,August,6,3,Online Store,9,681.44,6132.96,171.6,6304.56
941,d8eecb4b-45b7-4058-bf91-c7901910103b,11/10/2024,November,7,4,Studio Services,7,754.32,5280.24,339.56,5619.8
942,74b1a038-9a9a-4ca4-b252-cf4524cdb205,12/30/2024,December,5,1,YouTube Revenue,5,636.78,3183.9,0,3183.9
943,4f62be6b-92e2-4307-a135-9fd6120de278,8/16/2024,August,6,5,Online Store,11,677.18,7448.98,301.77,7750.75
944,ddf388ba-b3ea-4460-939f-413070e6724d,10/15/2024,October,5,3,Retail Store,15,646.22,9693.3,0,9693.3
945,7b9ac321-b691-4900-a898-a761086275a5,5/29/2024,May,5,4,YouTube Revenue,17,404.5,6876.5,0,6876.5
946,15be6980-6dc3-43ef-a700-affc002763d5,10/3/2024,October,7,1,YouTube Revenue,10,172.54,1725.4,0,1725.4
947,55350011-cfd5-4f4b-b8a2-738e8cccb599,7/16/2024,July,1,5,Online Store,10,395.77,3957.7,482.46,4440.16
948,0e912f4d-353c-4489-be0a-a1756c00dcc7,3/10/2024,March,3,5,YouTube Revenue,13,720.99,9372.87,0,9372.87
949,29150bfc-5dbe-4e1c-a867-947893e5ea6c,4/21/2024,April,4,4,Online Store,5,423.8,2119,289.63,2408.63
950,28fc0108-b212-4ebd-8a76-26f5bb4d9222,1/4/2024,January,5,5,YouTube Revenue,10,470.91,4709.1,0,4709.1
951,babba530-deec-4ba4-aa86-aaade37a7224,12/15/2024,December,5,1,Studio Services,9,266.84,2401.56,194.97,2596.53
952,e86a6687-3cbd-48e5-93e9-84374ee9dfda,11/26/2024,November,5,3,Retail Store,13,389.78,5067.14,0,5067.14
953,1ba0ee2e-1669-43cc-a90d-68a6b2d9e78e,11/13/2024,November,5,2,YouTube Revenue,3,498.18,1494.54,0,1494.54
954,c8787613-0341-43d9-89c4-e7b36958616c,12/15/2024,December,2,1,Online Store,17,598.51,10174.67,534.17,10708.84
955,4795e84e-0193-4132-9d41-72fa68e2927d,4/4/2024,April,2,4,Online Store,9,408.27,3674.43,186.81,3861.24
956,65cdba08-c172-4e4f-ab5f-73278144237a,5/31/2024,May,2,1,YouTube Revenue,10,394.29,3942.9,0,3942.9
957,3870d908-d9a6-467a-992b-dd1ad518e975,11/6/2024,November,5,3,Retail Store,10,668.44,6684.4,0,6684.4
958,6ecb303e-0ada-4972-b41d-abed0a022d98,5/16/2024,May,4,5,Online Store,20,565.05,11301,474.49,11775.49
959,961f0d45-ea99-47a5-9378-35d2d8c86f3d,9/3/2024,September,7,2,Retail Store,8,589.73,4717.84,0,4717.84
960,4c213c88-ebc8-41d3-9b39-3233d6ad3b9f,8/30/2024,August,5,5,Online Store,9,805.66,7250.94,249.38,7500.32
961,3a945def-1b9b-4edc-b31d-c529e5f5b3c1,1/31/2024,January,1,4,Online Store,7,398.99,2792.93,532.07,3325
962,900fc715-584b-458f-ae46-9dd5efdd4b60,2/9/2024,February,1,2,YouTube Revenue,12,490.2,5882.4,0,5882.4
963,f3253c79-08bd-43f4-819c-0dac5507c7d4,8/16/2024,August,5,3,Retail Store,9,610.23,5492.07,0,5492.07
964,c6f75666-eae0-446e-bc96-2e251c0278af,2/5/2024,February,7,2,Online Store,7,325.7,2279.9,432.24,2712.14
965,10b0ad54-49a8-4eb3-9e46-c5b1fa82a90d,8/10/2024,August,3,2,Retail Store,5,545.81,2729.05,0,2729.05
966,6f88ea10-9455-49c2-9bea-6a7094ba0496,1/6/2024,January,3,1,Studio Services,15,504.44,7566.6,522.08,8088.68
967,fd2a22b9-37cd-47c5-a36e-1c96b683b5b1,11/17/2024,November,2,5,Studio Services,8,1055.46,8443.68,86.72,8530.4
968,03ae19ab-e3df-46c6-9749-a96b168b8dad,8/7/2024,August,4,4,Studio Services,9,519.97,4679.73,0,4679.73
969,80120e48-ed40-47c9-8b7c-8e5ca1167061,3/15/2024,March,2,1,YouTube Revenue,15,731.39,10970.85,0,10970.85
970,49ad4e78-91c4-48a9-8b6f-13271a4646a9,1/4/2024,January,4,2,YouTube Revenue,10,665.99,6659.9,0,6659.9
971,a91eefb6-fd75-4af4-ae03-6a07eb56cdd2,11/30/2024,November,3,4,Retail Store,7,268.69,1880.83,0,1880.83
972,d7731f2d-0f87-402e-9b24-94c3f61bb46b,5/13/2024,May,6,1,Retail Store,15,190.24,2853.6,0,2853.6
973,9d451fd8-f30e-4f80-9d68-ee3cfd7bf304,4/27/2024,April,4,3,Online Store,14,549.4,7691.6,572.9,8264.5
974,4d3ae771-003b-4cac-88ad-b02ba61bde2f,4/3/2024,April,6,5,YouTube Revenue,12,751.47,9017.64,0,9017.64
975,a42a1758-5309-40f3-85a2-30927c217b87,3/2/2024,March,5,3,Studio Services,9,557.58,5018.22,644.36,5662.58
976,99a01ca2-9774-4970-a541-0bec151af5cd,7/12/2024,July,5,1,Retail Store,11,515.77,5673.47,0,5673.47
977,b542689c-938b-4d44-a062-57c1680b9eba,11/30/2024,November,7,1,Studio Services,14,443.18,6204.52,509.48,6714
978,9d6b50b0-bf68-4244-a7a2-c5ef7b2dbbf3,7/21/2024,July,2,3,Online Store,13,235.21,3057.73,317.24,3374.97
979,fc4cb415-99ed-489b-8d92-3a6ee2bc3465,1/26/2024,January,5,2,Online Store,4,307.9,1231.6,81.4,1313
980,c0f60b51-995d-4727-aed0-61938524a0ae,6/21/2024,June,5,2,Retail Store,9,175.54,1579.86,0,1579.86
981,6e45ffcc-95d1-4a05-b1d7-66ca71b5fa0a,10/26/2024,October,5,5,Retail Store,5,279.39,1396.95,0,1396.95
982,44d509fa-5413-4eff-9d3f-c3900093b0ba,5/12/2024,May,1,1,Online Store,5,394.8,1974,468.27,2442.27
983,31f264e6-ee74-4ab9-97a5-cab0857d7c33,11/21/2024,November,3,3,Online Store,12,655.2,7862.4,792.94,8655.34
984,8a24aeba-5153-4894-b3de-c0f6053207d8,4/27/2024,April,1,1,Retail Store,12,410.99,4931.88,0,4931.88
985,46d6273e-4bba-4190-8701-a9e52f3f8389,11/19/2024,November,3,4,Online Store,9,551.13,4960.17,154.08,5114.25
986,b4185fd7-3c3e-4169-b778-54de36ad2210,10/1/2024,October,4,2,Studio Services,12,527.05,6324.6,315.13,6639.73
987,2d951fca-8abb-4aa1-ae07-27a7f73b6c48,7/30/2024,July,2,2,YouTube Revenue,11,599.81,6597.91,0,6597.91
988,f10604a0-8ca7-4906-a504-ba42b9694494,8/12/2024,August,3,4,Studio Services,11,293.04,3223.44,206.22,3429.66
989,fbe2890c-bc5f-41d0-a90e-6f2311f031bf,1/20/2024,January,5,1,Retail Store,11,711.84,7830.24,0,7830.24
990,fc60ffd5-3d24-4792-8df7-1ce804d02e75,4/22/2024,April,1,2,Retail Store,15,218.56,3278.4,0,3278.4
991,815c7b47-1e6b-474e-8fff-c1d3a2ac2326,5/19/2024,May,7,5,YouTube Revenue,12,410.44,4925.28,0,4925.28
992,0eac7c58-b479-47a8-a3da-91b96c615e69,2/16/2024,February,2,4,Online Store,8,495.82,3966.56,179.25,4145.81
993,33ce0fd6-f665-4538-a1cc-f39313b25a14,1/1/2024,January,1,1,Retail Store,11,652.03,7172.33,0,7172.33
994,19771c50-54c2-4631-99e8-df8223de9b99,3/30/2024,March,7,2,Retail Store,5,775.86,3879.3,0,3879.3
995,cf5e9977-2b87-4dfd-b753-560c249f80a2,5/21/2024,May,6,4,Online Store,12,653.61,7843.32,106.17,7949.49
996,584470e2-70cf-4bd5-8af0-8fb73e612b24,11/15/2024,November,5,1,Retail Store,4,783.18,3132.72,0,3132.72
997,be205797-672e-4b58-b32c-7fd03917832d,2/7/2024,February,4,5,Retail Store,9,334.16,3007.44,0,3007.44
998,8f408ef3-7f5f-433d-a4b4-42ba12f1630b,10/19/2024,October,4,2,Retail Store,8,738.07,5904.56,0,5904.56
999,7973fd2b-a0fd-4889-86ee-9b60bc4cc604,5/18/2024,May,5,5,Retail Store,14,703.73,9852.22,0,9852.22
